5034 6167
2414 253 2417 256 ’
2448 244 2488 303 4

603 452 665 509 in
710 468 781 510 eo
837 449 1104 527 dialogo,
1168 448 1271 526 qui
1315 447 1591 527 Gratylus
1643 450 2008 524 inscribitur,
2064 469 2203 529 pag.
2253 449 2379 511 407
2422 452 2479 511 A
2526 451 2602 513 de
2645 455 2884 514 nomine
2928 452 3241 514 Minervae
3293 455 3486 517 facete
3509 511 3520 518 .
3547 457 3861 536 disputans
3911 457 4065 522 haec
4108 462 4324 524 habet:

603 557 765 619 τὸ..
811 555 850 643 ἢ
894 555 1103 618 αὑτὸν
1157 551 1202 641 ἧ
1249 578 1311 618 τι
1354 553 1533 618 ἄλλο
1583 555 2075 642 μετεωρίζειν
2119 556 2158 644 ἢ
2203 556 2325 621 ἀπὸ
2369 561 2480 645 τῆς
2534 563 2650 645 γῆς
2701 558 2741 646 ἢ
2796 559 2861 623 ἐν
2905 560 3042 630 ταῖς
3083 562 3269 649 χερσὶ
3314 561 3551 627 πάλλειν
3594 586 3660 628 τε
3705 565 3803 628 καὶ
3852 565 4186 631 πάλλεσθαι
4230 571 4329 633 καὶ

582 667 816 755 ίὀρχεῖν
881 669 977 731 καὶ
1028 665 1430 755 ὀρχεῖσθαι
1495 666 1807 753 καλοῦμεν.
1909 671 2007 733 Illi
2058 673 2509 736 Halicarnassei
2574 677 2792 737 iudicio
2859 683 3090 738 tantum
3153 677 3347 753 abest,
3416 685 3483 738 ut
3549 682 3744 756 quivis
3804 679 4053 744 Graecis
4118 684 4327 749 litteris

487 823 494 828 ·
604 785 979 847 mediocriter
1009 785 1217 844 doctus
1246 784 1604 856 subscribat,
1651 791 1719 844 ut
1761 784 2185 865 philosophum
2215 788 2708 866 originationibus
2735 789 2862 849 suis
2887 806 3322 868 saepenumero
3365 792 3585 852 lusisse
3613 793 3806 869 magis
3840 809 4022 870 quam
4052 794 4326 857 docuisse

605 896 891 966 affirmet3
945 896 1054 956 sed
1098 895 1173 956 de
1218 897 1476 968 notione,
1525 896 1602 956 de
1645 914 1760 957 usu
1803 897 2084 958 vocabuli
2128 902 2180 959 si
2227 902 2558 978 quaeritur,
2615 908 3144 978 quem'auctorem
3187 901 3637 982 locupletiorem
3683 902 3962 965 exhibere
4006 922 4326 984 possumus

607 1026 787 1085 quam
832 1007 1183 1068 Platonem?
1266 997 1619 1091 ’θρχεῒσθαι
1663 1010 1839 1087 igitur
1881 1009 2056 1069 Plato
2111 1014 2309 1088 arguit
2352 1018 2718 1089 usurpatum·
2739 1021 2884 1074 esse
2929 1014 3093 1093 apud
3142 1014 3406 1077 Graecos
3453 1017 3527 1076 de
3575 1018 3787 1095 quovis
3843 1020 4107 1096 corporis
4163 1026 4329 1081 motu

604 1118 1011 1180 aruficiosiore
1056 1125 1239 1196 atque
1269 1122 1621 1180 actuosiore.
1690 1119 1866 1181 Hanc
1908 1122 2106 1199 ipsam
2148 1126 2450 1185 notionem
2495 1126 2745 1186 subesse
2789 1126 3042 1186 voculae
3086 1126 3176 1186 illi
3219 1130 3421 1188 nescio
3466 1146 3545 1187 an
3589 1129 3727 1190 inde
3758 1128 4123 1204 confirmem,
4170 1133 4328 1209 quod

605 1232 680 1291 de
711 1233 933 1307 origine
962 1230 1241 1292 vocabuli
1272 1233 1486 1292 coniiei
1527 1231 1727 1306 liceat,
1775 1249 2144 1310 quamquam
2175 1238 2278 1311 qui
2308 1239 2614 1298 nominum
2646 1239 3081 1313 verborumque
3113 1239 3328 1315 etymis
3373 1254 3482 1299 seu
3526 1240 3852 1316 originibus
3893 1243 4327 1322 investigandis

605 1359 849 1420 operam
894 1341 1204 1418 dederunt,
1255 1359 1357 1404 eos
1387 1345 1574 1403 nimia
1617 1360 1801 1423 saepe
1847 1361 1990 1405 cura
2033 1351 2095 1405 et
2137 1346 2448 1424 diligentia
2490 1350 2553 1408 in
2584 1348 2838 1408 aliorum
2869 1347 3248 1409 offensionem
3281 1349 3598 1410 incurrisse
3629 1349 3803 1411 haud·
3832 1353 4053 1428 ignoro.
4127 1353 4327 1429 Atque

606 1447 974 1535 ,dpls‘c‘offiae’
1022 1454 1264 1529 quidem
1302 1455 1664 1516 vocabulum
1695 1456 1775 1515 ad
1805 1457 2060 1516 eandem
2101 1458 2365 1517 radicem
2416 1453 2523 1516 ΟΡ
2563 1491 2638 1501 -
2686 1459 3066 1521 referendum
3082 1432 3230 1520 ’esse
3259 1466 3476 1538 putant
3515 1462 3788 1523 nonnulli
3832 1463 4101 1525 homines
4146 1464 4323 1537 docti,

603 1565 764 1624 unde
808 1556 1044 1645 ὅρνυμι,
1088 1557 1274 1646 ὀρίνω
1290 1560 1343 1644 1)
1396 1574 1511 1626 cet.
1555 1568 1823 1645 prosecta
1880 1570 2017 1628 sint.
2109 1568 2217 1629 Cui
2264 1572 2596 1632 sententiae
2641 1570 2820 1634 fidem
2865 1572 3063 1631 facere
3108 1568 3343 1631 videtur
3387 1563 3670 1656 ἔρχομαι,
3720 1573 3881 1649 quod
3925 1574 4107 1633 simili
4149 1576 4326 1639 modo

605 1693 643 1734 a
686 1676 869 1736 simili
912 1677 1115 1738 radice
1160 1671 1337 1756 EP2)
1386 1711 1463 1720 —
1513 1679 1853 1741 ducendum
1898 1685 2009 1750 est,
2057 1687 2118 1741 et
2161 1675 2395 1762 πάσχω.
2482 1681 2802 1759 Utcunque
2846 1682 2999 1744 haec
3041 1699 3138 1742 res
3184 1700 3251 1743 se
3296 1682 3495 1757 habet,
3547 1686 3648 1760 qui
3694 1685 3774 1744 sit
3817 1686 3983 1745 verbi
4019 1703 4173 1746 ,usus
4191 1731 4206 1757 ,
4267 1688 4329 1748 id

606 1786 767 1863 quod
809 1788 1003 1866 majus
1062 1795 1155 1849 est
1203 1792 1267 1849 in
1311 1790 1427 1849 hac
1481 1792 1860 1867 quaestione,
1890 1792 2143 1869 „ambigi
2198 1810 2317 1853 non
2370 1793 2529 1854 licet.
2627 1787 2908 1867 Ponitur,
2962 1796 3014 1854 si
3062 1797 3206 1872 quid
3261 1795 3434 1856 video
3452 1840 3466 1866 ,
3523 1790 3891 1877 ,dplei'offlaae’
3946 1796 4022 1857 de
4083 1797 4331 1875 singulis

601 1899 797 1975 iisque
841 1900 1157 1962 artificiose
1201 1900 1577 1974 saltantibus,
1636 1920 1821 1980 quare
1866 1905 2201 1965 sexcenties
2245 1896 2503 1986 ὄρχησις
2543 1908 2921 1984 coniungitur
2965 1923 3103 1966 cum
3147 1913 3275 1967 arte
3320 1909 3563 1967 scenica
3607 1904 3743 1986 (cfr.
3791 1885 3937 1968 Luc.
3987 1907 4062 1968 de
4109 1910 4328 1982 saltat„

604 2010 760 2070 Plut.
794 2018 1026 2089 quaest.
1074 2015 1308 2075 conviv.
1339 2012 1453 2075 IX.
1494 2011 1630 2094 15);
1676 2021 1883 2075 eontra
1926 2009 2244 2097 χορεύειν
2289 2028 2614 2095 usurpatur
2659 2017 2734 2080 de
2766 2017 2945 2080 choro
2992 2017 3241 2079 choreas
3289 2018 3561 2082 ducente.
3609 2013 4116 2103 ὑπορχεῖσθαι
4161 2021 4330 2080 verbi

606 2140 904 2198 quaenam
932 2125 1011 2186 sit
1038 2124 1416 2204 significatio,
1462 2126 1688 2188 indicat
1714 2126 2016 2188 Lucianus
2062 2128 2136 2186 de
2179 2127 2380 2190 saltat.
2428 2123 2470 2207 S
2506 2126 2607 2200 16,
2655 2145 2840 2206 quum
2869 2122 3080 2206 dicit³)
3125 2130 3190 2192 in
3215 2128 3373 2190 Delo
3417 2130 3614 2191 insula
3641 2129 3970 2191 ¹consuesse
4011 2150 4330 2210 puerorum

605 2234 849 2294 chorum
895 2236 1114 2297 ducere
1159 2235 1465 2312 choream,
1527 2244 1873 2316 segregatos
1920 2237 1996 2299 ab
2055 2238 2151 2300 his
2195 2239 2449 2300 saltasse
2478 2242 2773 2319 optimos,
2820 2242 2922 2317 qui
2967 2257 3044 2302 ex
3087 2242 3162 2300 iis
3207 2240 3595 2318 eligerentur5
3652 2236 4106 2326 ,circople‘c'offae'
4150 2245 4331 2321 igitur

605 2345 885 2406 dicuntur
928 2349 971 2406 ii
985 2393 999 2420 ,
1071 2350 1172 2426 qui
1215 2349 1349 2412 aliis
1394 2349 1772 2423 saltantibus,
1815 2355 1885 2409 ut
1926 2351 2013 2411 ita
2056 2352 2270 2424 dicam,
2318 2352 2672 2414 subsaltant.
2752 2350 2835 2412 At
2878 2368 3039 2425 vero,
3088 2354 3367 2429 quoniam
3412 2348 3744 2436 ὀρχηστικῇ
3788 2349 3887 2412 καὶ
3930 2352 4222 2437 ποιητικῇ,
4266 2362 4333 2415 ut

602 2457 961 2520 Plutarchus
1007 2459 1047 2518 l.
1097 2477 1148 2520 c.
1197 2455 1237 2540 S
1289 2457 1365 2521 12
1411 2463 1527 2535 ait,
1590 2455 1866 2524 κοινωνία
1911 2461 2077 2522 πᾶσα
2121 2458 2218 2521 καὶ
2256 2457 2514 2544 μέθεξις
2557 2457 2833 2545 ἀλλήλων
2878 2456 3070 2535 ἐστὶν,
3116 2470 3244 2544 tum
3287 2464 3645 2524 saltantibus
3691 2465 3927 2525 solebat
3969 2468 4163 2526 accini
4207 2475 4332 2528 tum

606 2571 982 2632 cantantibus
1024 2572 1362 2634 subsaltari.
1438 2572 1636 2650 Atque
1666 2573 1900 2634 saltatio
1947 2574 2190 2652 quidem
2233 2574 2594 2636 carminibus
2641 2575 2998 2652 quibusdam
3038 2575 3419 2653 frequentata
3461 2576 3881 2640 nominabatur
3924 2572 4060 2654 (cfr.
4109 2577 4325 2638 Athen.

605 2681 778 2742 XIV.
811 2699 948 2761 pag.
981 2681 1103 2746 631
1140 2682 1188 2745 G
1229 2679 1270 2766 ἡ
1316 2678 1776 2768 ὑπορχηματική
1821 2681 1980 2745 ἐστιν
2024 2679 2089 2746 έν
2132 2676 2174 2769 ᾗ
2218 2674 2392 2769 ᾅδων
2436 2684 2471 2745 ὁ
2507 2683 2711 2771 χορὸς
2751 2682 3047 2770 ὀρχεῖται,
3107 2704 3224 2763 quo
3268 2687 3401 2752 loco
3445 2686 3727 2763 intelligit
3769 2686 4165 2759 saltationem,
4210 2707 4328 2754 non

605 2791 879 2874 carmen)
923 2792 1477 2873 hyporchematica3
1532 2796 1865 2860 saltationis
1910 2797 2115 2875 figuris
2159 2801 2361 2860 nescio
2408 2800 2624 2877 quibus
2669 2797 3161 2876 significabantur
3205 2816 3306 2870 ea,
3365 2816 3519 2875 quae
3565 2800 3708 2858 viva
3749 2815 3900 2858 voce
3945 2798 4328 2860 canebantur.

606 2906 743 2984 Qua
785 2906 860 2966 de
890 2923 1078 2968 causa
1121 2901 1680 2991 ,bnople‘c‘offlac’
1727 2909 1974 2969 denotat
2016 2909 2387 2984 ,saltationes
2428 2911 2506 2969 ad
2538 2916 2781 2971 cantum
2810 2908 3304 2981 accommodare',
3355 2915 3563 2970 contra
3593 2908 3967 2984 ⁶saltantibus
3996 2911 4328 2973 succinere'

608 3020 882 3097 designat
935 3008 1307 3101 ‘duddan’
1368 3017 1504 3099 (cfr.
1549 3020 1698 3082 Luc.
1747 3020 1788 3080 l.
1838 3038 1891 3081 c.
1937 3016 1979 3100 S
2026 3017 2109 3082 30
2167 3016 2349 3080 πάλαι
2405 3016 2524 3101 μὲν
2590 3016 2716 3101 γὰρ
2761 3015 2816 3077 οἱ
2858 3014 3030 3079 αὐτοὶ
3081 3015 3179 3080 καὶ
3231 3006 3385 3100 ᾖδον
3428 3016 3526 3084 καὶ
3568 3015 3915 3104 ὠρχοῦντο·
3971 3012 4067 3082 εἶτ’
4117 3016 4331 3103 ἐπειδὴ

607 3124 971 3211 κινουμένων
1013 3126 1083 3189 τὸ
1127 3123 1345 3210 ἆσθμα
1389 3127 1496 3214 τὴν
1538 3123 1710 3215 ᾠδὴν
1765 3126 2200 3211 ἐπετάραττεν,
2246 3126 2487 3212 ἄμεινον
2532 3126 2744 3202 ἔδοξεν
2796 3124 3018 3196 ἄλλους
3068 3124 3275 3198 αὐτοῖς
3314 3121 3607 3214 ὑπᾴδειν).
3707 3132 3870 3212 Ergo
3922 3125 4329 3216 ὑπορχήματα

605 3246 800 3321 primo
845 3242 1222 3322 appellantur
1264 3243 1576 3304 sollemnia
1624 3243 2040 3305 nonnullorum
2082 3246 2362 3323 tripudia,
2413 3262 2568 3322 quae
2630 3244 2763 3308 aliis
2823 3242 3177 3306 saltantibus
3222 3243 3645 3315 adnectuntur,
3703 3243 3921 3303 deinde
3978 3244 4330 3306 trmslertur

606 3355 769 3415 idem
810 3371 1048 3426 nomen,
1097 3371 1281 3431 quum
1311 3356 1607 3417 vocabula
1651 3346 1979 3438 ὑπᾴσματα
2023 3356 2119 3416 vel
2164 3349 2408 3438 ὑπῳδαὶ
2451 3359 2511 3416 in
2542 3354 2909 3416 Graecorum
2939 3371 3115 3416 usum
3145 3372 3266 3416 non
3295 3341 3584 3428 venerint,
3629 3355 3710 3418 ad
3740 3356 4005 3417 carmina
4023 3355 4332 3418 eiusmodi

608 3467 907 3532 saltationi
952 3470 1363 3545 attemperata,
1409 3461 1485 3526 τὰ
1527 3456 1774 3551 ᾄσματα
1803 3461 1935 3532 τοῖς
1960 3462 2445 3552 ὑπορχουμένοις
2484 3461 2927 3550 προςᾳδόμενα.
3017 3466 3193 3530 Hanc
3235 3468 3359 3526 vim
3403 3466 3642 3530 subiicit
3670 3466 4018 3532 Athenaeus
4058 3468 4326 3542 voculae,

606 3578 661 3637 si
706 3577 743 3637 l.
791 3576 961 3637 XIV.
1009 3595 1149 3656 pag.
1200 3575 1325 3638 628
1369 3578 1427 3639 D
1486 3579 1647 3640 dIcta
1698 3596 1834 3639 esse
1876 3580 2348 3659 hyporchemata
2393 3580 2699 3642 contendit
2742 3596 2816 3640 ea
2858 3582 3142 3652 carmina,
3192 3595 3348 3655 quae
3405 3578 3485 3640 ad
3526 3583 3841 3658 poctarum
3895 3582 4330 3658 praescriptum

607 3689 986 3750 saltarentur.
1083 3688 1156 3750 In
1210 3690 1466 3751 eandem
1518 3694 1877 3752 sententiam
1933 3692 2138 3754 scribit
2180 3686 2494 3770 Proclus⁴)
2553 3689 2679 3771 (ed.
2726 3688 2915 3754 Gaisf.
2963 3685 3148 3768 384):
3207 3683 3667 3772 6ὑπόρχημαθ
3722 3686 3792 3750 τὸ
3833 3680 3961 3769 μετ’
4011 3685 4335 3773 ὀρχήσεως

608 3790 911 3882 ᾀδόμενον
964 3794 1157 3880 μέλος
1197 3795 1465 3880 ἐλέγετο.
1564 3797 1682 3862 Καὶ
1739 3799 1862 3884 γὰρ
1922 3800 1979 3862 οἱ
2032 3799 2271 3864 παλαιοὶ
2330 3800 2436 3887 τὴν
2486 3796 2548 3862 Y
2537 3796 2651 3863 110
2693 3797 2821 3864 ἀντὶ
2871 3801 2982 3885 τῆς·
3022 3796 3240 3862 ΜΕΤΑ
3286 3796 3567 3867 πολλάκις
3608 3794 3955 3880 ἐλάμβανον
3968 3794 4041 3879 5).
4131 3800 4330 3871 Addo,

610 3915 883 3992 quamvis
928 3915 1007 3973 sit
1058 3913 1348 3992 perlevis,
1405 3917 1954 3993 interpretationem
1997 3915 2295 3994 Anonym.
2343 3934 2442 3993 ap.
2491 3914 2684 3976 Cram.
2733 3932 2830 3974 an.
2880 3913 3069 3975 Oxon.
3118 3913 3225 3973 IV.
3272 3931 3412 3992 pag.
3458 3911 3614 3988 314,
3678 3909 3779 3973 16;
3833 3906 4167 3996 ὑπόρχημά
4207 3906 4333 3972 ἐστι

609 4020 837 4110 ποίημα
882 4021 1041 4107 πρὸς
1078 4018 1329 4109 ὄρχησιν
1376 4022 1802 4109 γεγραμμένον
1847 4024 2004 4109 πρὸς
2044 4024 2147 4087 τὸν
2189 4021 2371 4086 αὐτὸν
2406 4020 2655 4107 ῥυθμὸν
2697 4020 2733 4084 ὃ
2778 4020 2857 4108 δὴ
2901 4018 3388 4110 ὑπορχηματικὸν
3430 4021 3713 4086 καλεῖται.
3743 4065 3760 4084 .

726 4199 732 4204 ,
814 4138 907 4198 Ex
949 4138 1044 4199 his
1084 4139 1376 4211 omnibus,
1427 4155 1583 4216 quae
1626 4158 1664 4200 a
1693 4157 1789 4200 me
1835 4139 2032 4202 adhuc
2075 4139 2263 4199 allata
2292 4144 2449 4212 sunt,
2495 4143 2643 4200 satis
2689 4139 2885 4198 elucet
2928 4136 3670 4214 hyporchematicum
3711 4154 3943 4214 genus
3985 4136 4334 4214 insignitum

609 4267 682 4310 ac
727 4247 1169 4312 distinctum
1214 4266 1381 4309 esse
1427 4268 1465 4309 a
1509 4253 1783 4312 ceteris
1852 4253 2167 4313 melicae
2232 4253 2488 4330 poesis
2533 4249 2938 4327 generibus
2997 4266 3108 4321 eo,
3166 4248 3366 4326 quod
3429 4247 3776 4310 latiorem
3843 4246 4334 4326 exspatiandi

610 4379 939 4441 campum
983 4363 1283 4439 aperuit
1326 4365 1469 4421 arti
1512 4362 1999 4438 orchesticae,
2045 4364 2154 4423 sed
2202 4369 2490 4440 quantum
2535 4364 2772 4424 omnino
2815 4359 2906 4420 illi
2950 4362 3335 4448 commissum
3378 4362 3459 4420 sit
3502 4363 3780 4440 spatium,
3839 4362 4033 4422 minus
4080 4364 4331 4420 constat:

488 4497 492 4501 Α
607 4447 847 4534 nostrae
894 4472 1134 4550 quidem
1179 4476 1393 4534 aetatis
1438 4474 1707 4534 homines
1751 4478 1896 4536 artis
1938 4476 2099 4535 illius
2143 4477 2451 4546 rationem,
2499 4475 2723 4552 quippe
2769 4489 2949 4550 quam
2996 4490 3179 4549 quum
3209 4489 3247 4531 a
3277 4472 3541 4533 cultioris
3572 4474 3731 4534 vitae
3760 4489 3878 4534 usu
3907 4471 4335 4534 summoverint

606 4591 667 4644 et
711 4586 1106 4645 abstraxerint
1147 4592 1276 4645 tum
1322 4603 1396 4646 ex
1439 4586 1620 4645 rebus
1664 4589 1852 4648 sacris
1897 4587 2184 4665 ejecerint
2230 4592 2291 4646 et
2334 4586 2813 4664 exstirpaverint,
2871 4585 3228 4661 cogitatione
3258 4583 3579 4661 depingere
3625 4585 3728 4642 vix
3772 4588 4041 4660 possunt.
4134 4581 4332 4657 Quare

824 4788 878 4869 1)
924 4799 995 4852 de
1040 4799 1130 4853 his
1175 4799 1272 4855 cfr.
1322 4789 1392 4854 G.
1440 4797 1588 4851 Curt.
1634 4797 1843 4866 griech.
1891 4797 2120 4867 etymol.
2168 4789 2291 4871 (ed.
2323 4787 2456 4869 ΠΙ.)
2501 4809 2629 4868 pag.
2667 4788 2812 4854 323.

821 4872 880 4958 2)
925 4884 1072 4939 ibid.
1119 4876 1385 4955 pag..f›4,
1434 4873 1580 4950 508,
1628 4874 1753 4937 653
1798 4897 1881 4952 sq.

821 4958 879 5042 ³)
922 4970 1085 5025 Hunc
1129 4970 1319 5025 locum
1362 4968 1575 5022 videsis
1620 4968 1766 5022 infra
1808 4983 1936 5039 pag.
1982 4959 2022 5022 8
2069 4968 2431 5038 exscriptum.

822 5044 881 5127 ⁸)
928 5055 1209 5122 Quantum
1251 5062 1306 5109 et
1349 5069 1517 5125 quam
1572 5053 1647 5108 ob
1700 5068 1814 5108 rem
1852 5054 2041 5109 Procli
2100 5054 2171 5108 de
2227 5055 2318 5108 his
2363 5054 2531 5109 rebus
2576 5051 2796 5109 iudicio
2841 5054 3200 5109 tribuendum
3245 5054 3335 5120 sit,
3381 5052 3622 5121 exposui
3668 5066 3793 5120 cap.
3825 5049 3878 5104 11
3923 5048 4331 5104 dissertationis

615 5154 769 5195 mese
799 5141 1163 5211 inauguralis,
1196 5156 1341 5212 quae
1370 5139 1641 5210 inscripta
1668 5147 1751 5195 est
1780 5141 2281 5210 ,commentationis
2313 5140 2386 5195 de
2415 5141 2660 5196 Graecae
2692 5142 2879 5211 poesis
2910 5140 3143 5194 melicae
3172 5138 3467 5209 generibus
3499 5130 3797 5208 particula’
3828 5136 3955 5192 Hal.
3981 5136 4109 5191 Su.
4146 5126 4328 5190 1866.
4397 5174 4408 5182 .

829 5214 886 5301 ⁵)
930 5226 1088 5282 Idem
1129 5228 1675 5299 interpretamentum
1718 5228 1879 5283 novit
1920 5227 2108 5283 Schol.
2154 5227 2231 5286 ad
2273 5227 2563 5299 Aristoph.
2609 5243 2699 5282 av.
2754 5219 2937 5293 1426,
2985 5225 3081 5280 cfr.
3129 5225 3302 5282 Piera.
3352 5224 3598 5280 verisim.
3645 5238 3773 5294 pag.
3808 5214 3954 5280 227.
