5034 6167
2460 289 2532 348 11

631 502 1036 573 Cretensibus,
1080 499 1437 570 Thracibus,
1482 497 1791 557 Thessalis
1804 490 1911 575 ²3),
1957 496 2314 569 Arcadibus,
2362 498 2426 555 in
2459 514 2576 572 quo
2607 511 2852 556 recessu
2879 495 3020 555 illae
3050 496 3128 556 ad
3157 502 3520 574 postremam
3549 512 3742 574 usque
3771 494 4060 558 Graeciae
4089 506 4349 561 aetatem

630 618 1106 694 permanserunt.

836 725 931 784 Ad
976 722 1362 802 pyrrhicham
1403 720 1809 798 hyporchema
1836 719 2244 779 revocandum
2288 736 2423 783 esse
2467 722 2706 782 disertis
2749 725 3102 782 testimoniis
3152 720 3409 781 affirmat
3450 737 3571 780 11911
3613 720 3794 782 modo
3823 719 4022 782 Schol.
4071 722 4151 782 ad
4177 721 4350 783 Pind.

633 839 806 916 Pyth.
853 836 932 896 11.
981 832 1063 895 69
1111 826 1288 909 6ἔνιοι
1325 827 1443 911 μὲν
1486 823 1592 890 οὖν
1633 848 1785 911 φασι
1829 830 2076 912 πρῶτον
2118 825 2449 915 Κουρῆτας
2488 828 2598 914 τὴν
2639 825 2892 891 ἔνοπλον
2933 826 3327 916 ὀρχήσασθαι
3373 821 3647 916 ὄρχησιν,
3700 824 3885 896 αὖθις
3925 828 3998 892 δὲ
4041 826 4354 917 Πύρριχον

636 944 851 1030 Κρῆτα
895 939 1342 1014 συντάξασθαι,
1402 937 1679 1024 θαλήταν
1731 937 1804 1001 δὲ
1858 941 2104 1024 πρῶτον
2154 938 2233 1002 τὰ
2283 938 2371 1008 εἰς
2425 937 2612 1025 αὐτὴν
2655 939 3064 1028 ὑπορχήματα
3108 939 3373 1025 [γράψαι
3415 943 3517 1004 vel
3559 937 3855 1024 ἀνευρεῖν
3897 944 4000 1004 vel
4041 944 4164 1005 1919
4209 946 4354 1022 quid

634 1057 967 1138 suppleas}
1013 1057 1120 1119 sed
1150 1057 1331 1115 etiam
1361 1054 1611 1115 Procius
1646 1058 1778 1115 sive
1818 1056 1895 1128 is,
1941 1071 2123 1131 quem
2163 1055 2269 1116 1119
2300 1058 2641 1134 exscripsit:
2688 1050 2969 1137 6εὑρετὰς·
3009 1050 3102 1130 δὲ,
3147 1057 3358 1133 inquit,
3405 1048 3636 1114 τούτων
3675 1051 3835 1133 (9911.
3866 1049 4352 1140 ὑπορχημάτων)

634 1169 817 1253 φασὶν
861 1167 919 1229 οἱ
955 1165 1072 1249 μὲν
1100 1161 1445 1249 Κουρῆτας,
1490 1161 1548 1223 οὶ
1591 1161 1665 1225 δὲ
1707 1161 1812 1225 τὸν
1853 1159 2107 1247 Πύρρον
2149 1163 2253 1225 τὸν
2287 1161 2628 1250 Ἀχιλλέως·
2674 1163 2824 1228 ὅθεν
2867 1164 2964 1227 καὶ
3006 1160 3322 1250 Πυρρίχην
3365 1184 3420 1224 τι
3462 1158 3629 1230 εἶδος
3667 1160 3995 1247 ὀρχήσεως
4034 1160 4350 1245 λέγουσιν’.

636 1285 719 1344 Α1
773 1297 918 1343 vero
961 1279 1286 1359 pyrrhicha
1326 1278 1560 1340 nullum
1611 1280 1674 1338 in
1718 1276 2085 1339 Graecorum
2143 1279 2352 1339 litteris
2408 1280 2607 1339 locum
2663 1280 2781 1340 sibi
2834 1282 3099 1358 aperuit,
3156 1299 3228 1341 ac
3283 1296 3364 1339 ne
3417 1278 3481 1338 id
3536 1277 3775 1356 quidem
3827 1280 3976 1338 satis
4027 1295 4137 1356 pro
4190 1285 4352 1338 certo

635 1396 843 1465 scitur,
910 1399 1111 1452 utrum
1167 1389 1599 1470 ωτι-1119199199
1656 1389 2054 1468 tripudiantes
2111 1393 2431 1453 cectnerint
2494 1409 2574 1451 an
2633 1392 3091 1469 tripudiaverint
3149 1392 3227 1453 ad
3285 1391 3465 1450 tibias
3519 1405 3717 1463 assas,
3788 1395 3970 1450 cantu
4022 1389 4353 1451 exsulante.

634 1504 1017 1583 Quapropter
1070 1520 1285 1582 parum
1340 1502 1661 1563 verisimile
1717 1508 1811 1563 est
1865 1500 2274 1581 hyporchema
2287 1548 2301 1575 ‚
2370 1521 2489 1580 quo
2548 1521 2768 1581 genere
2826 1499 3194 1564 Graecorum
3245 1503 3473 1563 litteras
3527 1501 3961 1580 propemodum
4015 1500 4356 1563 abundasse

635 1622 886 1690 constat,
934 1622 1291 1693 prognatum
1336 1629 1472 1676 esse
1502 1632 1579 1674 ex
1620 1613 1961 1692 pyrrhicha,
2010 1631 2193 1690 quam
2232 1614 2376 1675 illae
2418 1615 2600 1692 plane
2651 1614 3025 1692 ignorabant.
3101 1613 3481 1690 Quamquam
3524 1614 3600 1672 de
3643 1611 4005 1691 pyrrhichae
4048 1614 4355 1674 sterilitate

638 1726 998 1788 addubitare
1025 1727 1263 1787 videtur
1304 1728 1707 1787 testimonium
1735 1725 1975 1786 Aeliani
2018 1743 2144 1785 var.
2176 1726 2314 1786 hist.
2347 1724 2458 1785 111.
2492 1723 2534 1785 8
2577 1728 2899 1786 narrantis:
2963 1719 3260 1808 Φρύνιχον
3294 1718 3608 1807 Ἀθηναῖον
3650 1719 3996 1806 στρατηγὸν
4037 1719 4296 1784 εἵλοντο.
4310 1767 4326 1782 .
4339 1767 4355 1781 .

640 1834 772 1898 ἐπεὶ
812 1836 945 1903 τοῖς
985 1834 1411 1920 πυρριχισταῖς
1448 1831 1516 1897 ἔν
1556 1855 1664 1897 τινι
1706 1830 2034 1919 τραγῳδίᾳ
2077 1831 2386 1917 ἐπιτήδεια
2426 1830 2588 1918 μέλη
2629 1834 2728 1895 καὶ
2770 1833 3063 1917 πολεμικὰ
3105 1832 3467 1918 ἐξεπόνησεν
3511 1832 3639 1895 κτλ.
3708 1835 3831 1897 Sed
3875 1835 4033 1896 male
4060 1835 4353 1896 Aelianus

639 1952 1000 2029 permutavit
1040 1950 1412 2026 Phrynichus
1457 1952 1865 2028 cognomines;
1924 1966 2001 2009 ne
2043 1951 2229 2009 verbo
2274 1949 2518 2026 quidem
2562 1968 2637 2009 ex
2679 1948 2985 2010 veteribus
3029 1949 3372 2010 auctoribus
3418 1952 3734 2026 quisquam
3779 1954 4203 2009 commemorat
4254 1956 4359 2008 aut

638 2062 1038 2140 Phrynichum
1082 2064 1377 2140 tragicum
1420 2069 1661 2140 poetam
1678 2109 1692 2135 ,
1750 2060 2289 2138 Polyphradmonis
2332 2060 2541 2132 filium,
2588 2079 2854 2139 unquam
2899 2062 3153 2122 electum
3200 2078 3335 2121 esse
3377 2067 3716 2139 praetorem
3760 2067 3866 2120 aut
3907 2059 4121 2120 ducem
4166 2059 4355 2131 illum,

638 2178 740 2252 qui
785 2175 897 2236 sub
946 2174 1093 2235 belli
1133 2174 1631 2252 Peloponnesiaci
1682 2175 1907 2233 exitum
1951 2188 2170 2232 nomen
2211 2170 2670 2232 Atheniensium
2713 2174 3097 2242 sustentavit,
3149 2179 3456 2234 versatum
3509 2187 3645 2234 esse
3698 2174 3762 2231 in
3805 2188 3870 2232 re
3914 2173 4180 2242 99911199;
4237 2171 4359 2231 tale

640 2286 785 2362 quid
836 2286 1018 2362 plane
1072 2286 1406 2346 inauditum
1459 2292 1570 2347 est.
1657 2285 1899 2346 Aeliani
1951 2283 2103 2344 illud
2154 2284 2374 2345 salsum
2433 2300 2568 2344 esse
2622 2292 2683 2345 et
2735 2303 2811 2345 ex
2853 2302 3011 2345 vano
3065 2284 3349 2344 haustum
3391 2302 3566 2345 nemo
3608 2300 3731 2343 non
3772 2283 3965 2345 videt:
4010 2285 4252 2344 omnino
4295 2285 4358 2343 in

639 2396 734 2456 his
786 2397 968 2456 rebus
1021 2398 1101 2458 ad
1147 2397 1388 2457 Aeliani
1440 2400 1617 2458 unius
1672 2398 2087 2458 auctoritatem
2141 2396 2462 2473 confugere
2519 2414 2700 2473 quam
2754 2397 3156 2476 periculosum
3207 2400 3288 2457 sit
3339 2398 3493 2457 inter
3546 2412 3755 2456 omnes
3809 2399 4060 2457 constat.
4146 2393 4360 2472 Neque

642 2511 926 2570 maiorem
969 2507 1149 2570 tidem
1193 2509 1453 2570 adscribi
1497 2510 1681 2570 velim
1724 2508 2084 2570 scholiastae
2129 2507 2209 2567 ad
2236 2506 2543 2587 Aristoph.
2591 2527 2717 2568 ran.
2773 2504 2893 2568 154
2938 2527 2978 2568 a
3020 2507 3261 2568 Ginesia
3303 2514 3484 2586 poeta
3528 2506 3962 2585 dithyrambico
4007 2504 4360 2585 pyrrhichas

641 2636 778 2681 esse
831 2622 1195 2698 compositas
1247 2621 1553 2682 referenti:
1610 2638 1792 2697 quam
1845 2622 2099 2682 multum
2154 2623 2214 2682 ei
2263 2620 2645 2682 tribuendum
2697 2622 2803 2693 sit,
2867 2619 3010 2681 111119
3063 2620 3436 2698 intelligitur,
3499 2620 3660 2696 quod
3709 2620 3840 2698 ipse
3882 2625 4100 2697 poetae
4143 2635 4361 2678 nomen

641 2749 778 2793 esse
828 2732 1034 2794 fictum
1085 2735 1349 2811 putavit,
1409 2726 1502 2790 ὅτι
1544 2728 1610 2791 ἐν
1652 2727 1785 2797 τοῖς
1815 2728 2044 2817 χοροῖς
2083 2727 2274 2814 πολλῇ
2321 2726 2542 2814 κινήσει
2586 2725 2925 2815 ἐχρήσατο·
2968 2733 3084 2791 1199
3128 2731 3395 2793 scholion
3439 2747 3586 2791 sane
3629 2730 3989 2790 vilissimum
4031 2729 4136 2790 1119
4179 2729 4361 2790 nullis

621 2844 1017 2916 ‚adminiculis
1064 2843 1545 2918 conscribsslavit,
1591 2844 1700 2904 sed
1744 2850 1958 2923 suopte
2000 2848 2242 2921 ingenio
2287 2845 2666 2922 excogitavit.
2729 2874 2806 2887 —
2872 2842 3082 2919 Qualis
3135 2845 3314 2904 fuerit
3354 2842 3693 2922 pyrrhicha,
3741 2858 3902 2902 nunc
3941 2842 4218 2920 indagari
4259 2843 4362 2901 vix

640 2959 862 3033 potest:
906 2971 1122 3015 nomen
1152 2956 1365 3032 solum,
1409 2974 1530 3016 11911
1556 2971 1657 3016 res
1698 2958 1837 3034 ipsa
1879 2956 1960 3017 ad
2003 2947 2266 3016 nostram
2294 2960 2554 3016 aetatem
2583 2958 2879 3033 pervenit:
2923 2954 3072 3015 nihil
3116 2959 3276 3015 enim
3304 2955 3549 3033 expedit
3574 2953 3723 3013 111911
3750 2952 4043 3014 Athenaei
4072 2970 4361 3031 perquam

642 3073 820 3127 tenue
878 3063 1084 3144 (xlv.
1138 3084 1274 3146 pag.
1325 3063 1450 3127 629
1496 3063 1603 3144 C)=
1658 3069 1919 3142 ‘musica
1960 3069 2042 3128 ad
2086 3070 2349 3146 corporis
2395 3068 2852 3128 exercitationes
2898 3065 3168 3128 91111111119
3209 3074 3444 3127 veteres
3486 3066 3758 3127 homines
3802 3066 4204 3127 fortitudinem
4248 3065 4365 3124 91111

646 3178 997 3238 conciliasse
1052 3185 1115 3238 et
1166 3179 1244 3238 ad
1299 3185 1496 3239 motus
1548 3178 1834 3239 militares
1891 3182 2246 3241 exercitatos
2301 3196 2436 3241 esse
2490 3197 2629 3240 cum
2681 3186 2892 3251 cantu3
2949 3180 3110 3240 unde
3170 3181 3274 3257 agi
3325 3184 3571 3256 coeptas
3629 3193 3764 3238 esse
3818 3176 4169 3256 pyrrhichas
4224 3176 4363 3237 cet.⁹

645 3288 931 3368 Depingit
974 3291 1218 3365 quidem
1261 3289 1702 3368 elegantissime
1746 3290 2132 3369 pyrrhieham
2173 3291 2471 3369 Apulejus
2514 3291 2787 3354 Milesius
2843 3297 2983 3352 met.
3029 3290 3112 3352 X.
3130 3335 3145 3363 ,
3206 3297 3271 3350 at
3324 3290 3614 3369 pleraque
3668 3294 3830 3350 certe
3890 3289 3968 3348 de
4022 3304 4132 3349 9119
4177 3288 4360 3361 addit,

646 3417 840 3475 neque
897 3402 1089 3479 major
1140 3401 1312 3475 aliis,
1363 3405 1467 3479 qui
1518 3403 1594 3462 de
1650 3401 1862 3462 eadem
1913 3405 2307 3482 scripserunt,
2366 3402 2648 3464 habenda
2699 3409 2791 3464 est
2833 3404 3001 3464 111199.
3089 3401 3407 3464 subortam
3440 3418 3575 3461 esse
3621 3406 3818 3461 autem
3861 3398 4245 3477 pyrrhicham
4289 3417 4363 3460 ex

646 3513 1073 3587 antiquissimis
1103 3512 1475 3574 Cretensium
1509 3514 1929 3576 saltationibus
1973 3518 2163 3576 sacris
2207 3517 2355 3576 satis
2399 3513 2731 3577 luculenter
2773 3517 3060 3594 probatur
3101 3517 3378 3593 opinione
3419 3513 3744 3574 admodum
3787 3511 4161 3590 pervulgata,
4211 3496 4364 3587 quae

646 3622 963 3713 Curetibus
1024 3624 1381 3702 pyrrhichae
1440 3628 1736 3700 ,inventae
1811 3626 2053 3686 laudem
2128 3629 2360 3688 asserit.
2478 3626 2654 3703 Quod
2720 3627 2826 3687 9111
2889 3626 3282 3702 Pyrrhichum
3357 3625 3654 3702 quendam
3719 3623 4262 3684 Lacedaemonium
4275 3617 4365 3700 ²⁴)

646 3741 939 3813 tauquam·
984 3731 1167 3816 ἥρωα
1209 3730 1526 3817 ἐπώνυμον
1536 3732 1656 3816 ²³),
1724 3738 1829 3797 alii
1872 3737 2166 3816 Pyrrhum
2180 3785 2195 3810 ,
2262 3738 2519 3799 Achiuis
2563 3739 2779 3812 tilium,
2837 3742 3208 3799 inventorem
3260 3738 3446 3797 fuisse
3491 3741 3568 3797 ab
3618 3719 3812 3812 iisque
3855 3752 4075 3795 11991911
4119 3735 4364 3795 1111911191

534 3877 543 3886 -
648 3862 784 3907 9999
826 3846 1063 3920 volunt,
1117 3848 1268 3907 1111111
1320 3867 1565 3927 prorsus
1611 3853 1846 3911 attinet:
1903 3850 2054 3912 haec
2098 3857 2239 3911 sunt
2281 3867 2450 3910 mera
2498 3854 2733 3911 somnia
2776 3851 3296 3928 grammaticorum
3349 3850 3583 3927 etymis,
3625 3854 3696 3907 ut
3738 3847 3952 3917 solent,
3999 3848 4365 3924 improspere

646 3959 1000 4019 ludentium.
1086 3958 1257 4020 Idem
1300 3961 1463 4022 cadit
1514 3963 1577 4021 in
1628 3964 1865 4022 tertiam
1907 3969 2258 4039 quartamve
2303 3964 2843 4022 denominationem
2896 3955 3018 4020 ἀπὸ
3061 3959 3174 4042 τῆς·
3215 3958 3417 4041 πυρᾶς
3457 3989 3536 4003 -
3584 3961 3808 4056 circum
3852 3957 4111 4018 Patrocli
4152 3973 4365 4034 rogum

651 4069 899 4131 tradunt
940 4072 1046 4132 alii
1088 4072 1345 4133 saltasse
1388 4071 1689 4135 Achillem
1736 4105 1812 4118 —
1861 4074 1961 4134 vel
2004 4068 2127 4132 ἀπὸ
2170 4071 2279 4132 τοῦ
2324 4068 2626 4155 διαπύρου
2668 4071 2791 4132 τῶν
2833 4065 3227 4156 ὀρχουμένων
3274 4077 3527 4132 tractam
3541 4065 3646 4150 ²⁶).
3736 4070 4073 4146 Utcumque
4131 4074 4248 4141 est,
4305 4068 4366 4128 id

855 4286 945 4373 ²⁸)
988 4300 1264 4370 Thessali,
1310 4308 1374 4357 ut
1414 4303 1612 4371 tradit,
1657 4302 1795 4357 Luc.
1840 4302 1880 4357 1.
1928 4317 1979 4357 9.
2027 4294 2068 4376 S
2117 4295 2195 4356 14
2211 4342 2227 4371 ,
2285 4338 2329 4353 ..
2345 4290 2491 4361 τοὺς
2532 4290 2883 4376 προστάτας
2932 4290 3030 4354 καὶ
3083 4288 3548 4379 προαγωνιστᾲς
3597 4286 3799 4352 αὐτῶν
3852 4291 4371 4374 προορχηστῆρας

525 4421 531 4427 -
650 4376 928 4441 ἐκάλουν·
956 4387 1153 4454 11119111,
1197 4387 1249 4441 si
1276 4389 1518 4444 militem
1560 4389 1861 4460 quendam,
1906 4389 2008 4458 qui
2050 4405 2218 4444 manu
2276 4394 2501 4443 trenuus
2532 4387 2727 4456 fuerat,
2775 4385 3006 4442 laudare
3037 4385 3321 4454 volebant,
3366 4386 3430 4440 in
3473 4385 3734 4455 sepulcro
3779 4384 4082 4439 inscribere
4110 4382 4368 4439 solebant

891 4473 905 4485 .
1114 4459 1143 4482 Φ
1704 4465 1718 4487 a
2018 4469 2035 4501 9
4153 4482 4160 4488 .

656 4486 783 4528 eum
826 4463 2009 4633 Ἓωᾼῖὶεεῖοξζέιιηεσῖςῑᾎονᾼῖἕζῃξιάέῐῗ
2040 4510 2185 4632 ‘pag
2220 4551 2347 4617 630
2389 4560 2438 4615 Ε
2491 4560 2575 4615 911
2629 4559 2914 4614 declarare
2958 4558 3127 4614 etiam
3169 4554 3348 4628 ipsam
3385 4555 3755 4623 saltationem,
3802 4570 3975 4626 quum
4020 4555 4093 4609 sit
4133 4552 4365 4620 bellica,

651 4643 1081 4699 Lacedaemonii
1125 4644 1372 4700 hominis
1416 4661 1534 4700 esse
1578 4647 1884 4702 inventum.

861 4717 949 4802 ²⁵)
991 4730 1081 4784 Ex
1122 4730 1214 4785 hia
1260 4731 1499 4802 duabus,
1545 4748 1690 4803 quae
1734 4733 1809 4788 de
1851 4732 2184 4804 pyrrhiches
2228 4731 2617 4787 inventoribus
2647 4729 3198 4798 circumferebantur,
3245 4725 3659 4783 narrationibus
3703 4725 3942 4796 vestigia
3985 4724 4263 4795 quaedam
4303 4724 4366 4778 in

655 4813 803 4868 iilud
843 4817 1215 4885 posteriorum
1258 4824 1627 4874 commentum
1671 4820 2017 4888 coaluerunt,
2064 4818 2220 4889 quod
2262 4818 2569 4873 Pausanias
2613 4816 2712 4872 111.
2758 4807 2864 4873 25.
2912 4807 2973 4870 2.
3018 4816 3268 4871 servavit
3310 4814 3481 4869 fuisse
3525 4819 3835 4882 autumans,
3881 4812 3984 4882 qui
4027 4798 4175 4864 εἶναι
4217 4798 4369 4863 θεὸν

654 4886 965 5021 Πύρριχον
1009 4894 1129 4955 τῶν
1172 4893 1558 4979 καλουμένων
1600 4893 1937 4982 Κουρήτων
1978 4904 2258 4959 finxerint.

889 4976 946 5060 Β)
987 4987 1065 5044 Ut
1107 4988 1333 5058 addam,
1387 4991 1531 5062 quid
1575 4990 1645 5046 de
1689 4991 1932 5048 1199111119
1975 4991 2191 5061 origine
2234 4990 2377 5048 mibi
2422 4989 2699 5059 videatur,
2744 5003 2859 5045 non
2903 4987 3142 5044 dubium
3185 4993 3294 5055 est,
3350 4986 3490 5056 quin
3550 4984 3646 5039 illi
3689 4991 3899 5040 rectum
3941 4982 4188 5039 viderint
4203 5022 4220 5050 ,
4267 4982 4364 5051 qui

653 5072 845 5128 dicant
898 5074 1239 5130 vocabulum
1292 5090 1412 5130 9999
1463 5078 1696 5133 sormam
1747 5077 2153 5134 deminutivam
2202 5093 2240 5132 a
2292 5066 2529 5151 πυρσὸς·
2569 5067 2729 5149 (fax)
2785 5074 3117 5146 profectam,
3175 5055 3268 5128 ita'
3309 5079 3371 5127 ut
3415 5059 3682 5150 πυρρίχη
3723 5070 3800 5124 911
3841 5069 4093 5140 ‘saltatio
4150 5067 4368 5138 facibus

649 5159 1106 5232 praelucentibus
1162 5157 1441 5217 factitata’
1494 5155 1673 5237 (curt.
1730 5179 1811 5234 gr.
1858 5163 2041 5234 Etym.
2086 5178 2215 5234 pag.
2265 5153 2388 5217 655
2435 5162 2572 5217 coll.
2618 5176 2746 5233 pag.
2809 5151 2935 5216 269
2979 5159 3086 5215 No.
3137 5150 3315 5232 385).
3417 5156 3613 5227 Neque
3668 5163 3749 5210 est
3806 5156 3962 5226 quod
4015 5153 4262 5221 mireris,
4317 5152 4364 5207 si

651 5252 837 5301 teneas
880 5247 1054 5303 aliam
1098 5261 1216 5303 esse
1260 5248 1380 5304 vim
1422 5250 1684 5319 nominis,
1738 5249 1916 5305 alium
1958 5265 2138 5304 usum.
2226 5248 2304 5305 Ut
2346 5265 2432 5304 res
2475 5248 2606 5320 ipsa
2647 5247 2722 5303 ad
2765 5247 3021 5302 ultimam
3064 5245 3355 5300 hominum
3396 5242 3716 5299 memoriam
3763 5239 4079 5296 revocanda
4122 5245 4231 5308 est,
4290 5239 4368 5292 ita

3879 5319 3954 5384 2*
