5034 6167
908 1237 2009 1410 Commentationis
2100 1237 2262 1410 de
2352 1236 3113 1413 Graecorum
3207 1237 4223 1464 hyporohematis

2181 1564 2478 1736 pars
2581 1564 2943 1738 prlor.

2353 1887 2768 1898 ---.--

926 2039 1499 2158 Hyporchematum
1528 2094 1716 2155 genus
1746 2096 1932 2137 unum
1976 2079 2099 2138 fere
2143 2097 2218 2138 ex
2261 2078 2465 2138 multis
2506 2079 2629 2139 illis
2660 2076 2930 2140 Graecae
2974 2082 3176 2159 poesis
3221 2081 3468 2142 melicae
3497 2082 3768 2160 partibus
3807 2100 3926 2142 non
3962 2083 4108 2141 satis
4138 2089 4416 2143 accurate

697 2191 896 2251 adhuc
947 2191 1024 2251 ab
1070 2189 1407 2250 hominibus
1454 2189 1645 2250 doctis
1690 2197 2008 2250 tractatum
2053 2207 2249 2268 neque
2302 2190 2577 2250 uberiore
2608 2209 2728 2267 qua
2771 2210 2883 2270 par
2927 2198 3055 2251 erat
3084 2197 3580 2253 commentatione
3624 2193 3985 2252 illustratum
4031 2200 4137 2253 est.
4216 2193 4416 2269 Quare

696 2302 841 2378 quid
896 2303 1129 2374 mIrum,
1198 2301 1357 2378 quod
1404 2301 1480 2359 de
1532 2301 1638 2362 illo
1681 2301 1844 2361 haud
1895 2320 2129 2380 paucae
2184 2309 2245 2362 et
2299 2301 2681 2363 difficillimae
2741 2306 3122 2379 quaestiones
3177 2307 3238 2363 in
3299 2321 3595 2384 suspenso
3662 2312 3803 2364 sunt
3862 2321 4092 2381 eaeque
4159 2307 4416 2365 maxime

699 2414 937 2490 dignae,
985 2430 1139 2490 quae
1182 2415 1246 2472 in
1289 2411 1581 2489 liquidnm
1625 2409 2070 2491 perducantur?
2121 2416 2183 2473 in
2244 2413 2778 2492 hyporchematum
2833 2420 3014 2477 enim·
3045 2424 3321 2476 naturam
3375 2419 3428 2476 si
3488 2419 3620 2494 quis
3674 2434 3741 2476 se
3792 2419 4096 2476 insinuare
4141 2418 4312 2490 velit,
4362 2419 4416 2476 ei

697 2542 815 2584 non
860 2524 1036 2585 modo
1080 2524 1581 2603 perscrutandum
1626 2531 1734 2599 est,
1784 2525 1979 2602 qualis
2023 2527 2103 2584 sit
2147 2541 2247 2584 ars
2293 2532 2354 2586 et
2394 2529 2729 2604 proprietas
2775 2530 3030 2607 poetica,
3084 2545 3292 2589 verum
3337 2530 3515 2589 etiam
3561 2528 3960 2607 explorandas
4006 2544 4140 2589 esse
4187 2535 4418 2589 constat

696 2635 915 2696 multas
960 2653 1085 2707 res,
1144 2653 1295 2713 quas
1348 2636 1502 2697 haec
1545 2639 1713 2696 aetas
1767 2639 1941 2714 poesi
1985 2638 2355 2698 adventiciae
2398 2645 2594 2717 putet;
2649 2640 2758 2699 sed
2802 2639 2919 2700 hae
2965 2642 3136 2719 ipsae
3181 2643 3585 2714 accessiones,
3641 2659 3825 2718 quum
3879 2638 4414 2718 hyporchematum

695 2750 869 2824 quasi
912 2750 1081 2808 nervi
1123 2748 1502 2826 potissimum
1546 2727 1681 2823 sint,
1730 2748 1891 2825 quod
1933 2767 2147 2827 parum
2177 2748 2254 2809 ad
2285 2756 2528 2810 nostrae
2555 2754 2876 2811 memoriae
2921 2753 3189 2812 notitiam
3234 2759 3653 2831 pervenerunt,
3700 2768 4065 2830 magnopere
4096 2751 4417 2812 dolendum

693 2866 803 2920 est.
893 2857 1065 2934 Quae
1109 2875 1293 2935 quum
1337 2860 1422 2919 ita
1466 2862 1603 2932 sint,
1649 2865 1862 2938 sponte
1907 2867 2163 2939 apparet
2214 2863 2278 2920 in
2320 2861 2415 2921 his
2458 2861 2609 2920 nihil
2654 2862 2778 2923 fere
2822 2866 3003 2922 statui
3046 2881 3244 2942 posse,
3293 2864 3453 2941 quod
3498 2864 3575 2924 ab
3621 2866 3784 2924 omni
3828 2870 3998 2942 parte
4044 2871 4274 2925 eertum
4318 2867 4415 2937 sit,

697 2988 893 3048 neque
922 2971 1061 3031 ideo
1090 2977 1215 3030 tam
1247 2970 1388 3048 quid
1420 2973 1499 3031 sit
1526 2989 1736 3031 verum
1767 2990 1949 3049 quarn
1981 2972 2124 3049 quid
2155 2973 2495 3045 verisimile,
2544 2990 2678 3034 esse
2710 2975 3135 3051 quaerendum.
3209 2975 3486 3036 Indidem
3516 2993 3701 3052 quum
3731 2992 4002 3035 summae
4033 2974 4416 3035 difficultates

696 3084 935 3144 obstent
951 3128 966 3152 ,
1024 3084 1201 3143 credo
1246 3084 1471 3142 iactum
1516 3088 1634 3154 est,
1692 3090 1760 3142 ut
1802 3084 1954 3145 haec
2009 3087 2260 3144 materia
2308 3085 2619 3146 hauddum
2662 3088 2809 3146 satis
2856 3087 3171 3164 diligenter
3213 3094 3469 3148 tractata
3510 3091 3615 3148 sit:
3683 3105 3864 3163 quam
3910 3106 4093 3164 quum
4137 3087 4416 3165 equidem

694 3194 1068 3255 tractandam
1122 3192 1269 3255 mihi
1324 3196 1716 3272 sumpserim,
1773 3213 1949 3274 spero
2003 3196 2129 3256 fore
2181 3203 2278 3268 ut,
2339 3199 2392 3257 si
2448 3215 2569 3274 qua
2621 3199 2685 3256 in
2736 3215 2802 3257 re
2847 3200 3198 3273 erraveritn‚
3245 3199 3404 3276 quod
3449 3217 3567 3258 non
3613 3217 3732 3259 uno
3775 3199 3910 3260 loco
3952 3217 4030 3259 ne
4074 3199 4320 3260 factum·
4340 3202 4418 3260 sit

697 3324 935 3378 vereor,
992 3307 1070 3367 ob
1117 3307 1373 3367 eandem
1428 3322 1674 3367 causam
1728 3306 1877 3366 mihi
1931 3311 2109 3368 venia
2162 3307 2336 3368 detur
2379 3308 2456 3368 ab
2514 3308 3022 3370 existimatoribus
3064 3307 3279 3370 harum
3323 3329 3522 3371 rerum
3566 3312 3794 3389 peritis.
3885 3309 4162 3371 Ceterum
4207 3329 4416 3372 omnes

697 3435 851 3493 quae
897 3424 1135 3478 exstant
1190 3420 1568 3494 quaestiones
1583 3465 1598 3492 ,
1658 3420 1893 3478 etiamsi
1936 3437 2197 3499 possem,
2245 3419 2480 3480 solvere
2526 3438 2721 3497 neque
2764 3423 3028 3499 spatium
3072 3421 3250 3482 huius
3294 3420 3484 3483 libelli
3525 3438 3723 3500 neque
3766 3425 4054 3500 temporis
4101 3426 4414 3501 angustiae

693 3530 839 3589 mihi
883 3527 1258 3608 permittunt:
1304 3532 1449 3590 satis
1490 3527 1730 3590 habebo
1774 3533 1900 3591 tum
1945 3551 2100 3609 quae
2144 3532 2248 3592 alii
2290 3533 2565 3593 homines
2611 3533 2772 3592 docti
2800 3542 3193 3593 excusserunt
3221 3536 3612 3612 congessisse,
3657 3541 3785 3592 tum
3819 3536 3880 3593 in
3910 3534 4112 3595 medio
4141 3537 4415 3613 posuisse

695 3642 857 3719 quod
900 3641 1000 3701 hic
1042 3641 1183 3715 illic,
1232 3641 1823 3719 quantulumcunque
1866 3644 1996 3718 fuit,
2042 3661 2267 3704 novum
2312 3644 2458 3704 mihi
2501 3645 2712 3705 videor
2752 3645 3077 3706 invenisse.

900 3751 1021 3813 Sed
1066 3770 1144 3813 ne
1186 3755 1247 3812 in
1293 3753 1622 3832 praefando
1666 3757 1886 3814 nimius
1931 3757 2065 3827 sim,
2112 3755 2253 3817 huic
2296 3760 2608 3835 scriptioni
2649 3775 2822 3818 meae
2868 3758 3096 3818 credidi
3140 3757 3395 3819 eandem
3439 3757 3845 3836 dispositionis
3888 3760 4181 3818 rationem
4227 3760 4410 3819 subii-

697 3864 974 3924 ciendam
1019 3880 1172 3936 esse,
1221 3882 1401 3941 quam
1446 3868 1508 3923 in
1553 3866 1969 3926 dissertatione
2014 3869 2371 3945 inaugurali,
2421 3886 2576 3947 quae
2621 3869 2698 3929 de
2741 3887 2921 3930 nomo
2967 3871 3192 3949 scripta
3237 3876 3346 3942 est,
3393 3887 3586 3948 nuper
3629 3877 3872 3930 secutus
3917 3887 4070 3930 sum.
4149 3869 4418 3945 Quatuor

694 3978 873 4054 igitur
926 3981 1065 4036 sunt
1107 3984 1345 4055 partes,
1407 3979 1471 4036 in
1530 3994 1680 4053 quas
1733 3977 1886 4038 haec
1932 3983 2352 4041 commentatio
2408 3985 2719 4060 aptissime
2765 3983 3141 4057 maximeque
3189 3974 3450 4041 dilucide
3513 3982 3885 4060 disponenda
3929 3981 4076 4040 mihi
4120 3984 4255 4041 visa
4301 3995 4416 4042 est:

694 4089 984 4166 primum,
1028 4096 1098 4148 ut
1140 4088 1302 4165 quod
1354 4095 1598 4167 etymon
1652 4083 2094 4172 ὁπορχὴματος
2145 4099 2207 4152 et
2261 4110 2416 4168 quae
2473 4110 2549 4152 ex
2602 4091 2715 4153 hoc
2769 4094 3120 4154 deducenda
3182 4096 3259 4153 sit
3309 4095 3593 4172 primaria
3635 4094 3989 4170 significatio
4034 4110 4413 4170 quaeramus,

694 4198 935 4271 deinde,
1003 4206 1071 4258 ut
1115 4218 1271 4277 quae
1315 4201 1806 4262 adumbrationes
1872 4201 2032 4262 illius
2103 4206 2396 4264 exsistant
2456 4206 2620 4284 apud
2684 4214 2919 4265 veteres
2983 4210 3301 4285 scriptores
3358 4207 3857 4276 demonstremus,
3925 4211 4070 4277 tum,
4131 4212 4197 4264 ut
4256 4211 4414 4266 unde

690 4309 1097 4388 hyporchema
1139 4315 1426 4390 originem
1469 4314 1723 4374 traxisse
1768 4311 2042 4374 videatur
2086 4321 2147 4375 et
2193 4333 2346 4393 quae
2390 4335 2500 4394 per
2543 4333 2694 4393 quos
2738 4324 2950 4395 poetas
2997 4321 3225 4396 ceperit
3275 4320 3644 4378 incrementa
3689 4334 4060 4395 exponamus
4078 4364 4092 4391 ‚
4153 4316 4412 4395 deniquo

692 4429 759 4481 ut
804 4423 1172 4483 disseramus
1216 4422 1292 4482 de
1335 4421 1603 4500 reliquiis
1646 4424 2177 4504 hyporchematum
2221 4427 2361 4488 huic
2407 4431 2590 4488 aetati
2634 4429 2866 4489 traditis
2912 4435 2972 4489 et
3017 4447 3174 4506 qnae
3219 4447 3294 4489 ex
3337 4432 3412 4490 iis
3457 4430 3593 4488 elici
3636 4431 3884 4507 possint.

896 4533 1165 4595 Primum
1205 4535 1389 4614 igitur

2522 4723 2593 4808 Ι.

1776 4879 1920 4965 De
1996 4878 2848 4991 hyporchematis
2926 4883 3335 4969 nomine
3381 4861 3394 4882 ⁴

694 5023 1063 5086 disseramus
1108 5042 1181 5087 ac
1224 5027 1535 5088 videamus
1581 5044 1737 5103 quae
1781 5029 1862 5087 sit
1903 5029 2045 5088 inde
2090 5029 2461 5094 deducenda.
2490 5028 2862 5108 significatio.

895 5163 1092 5235 Plato,
1134 5179 1315 5239 quem
1341 5164 1671 5243 Dionysius
1697 5164 2199 5226 Halicarnasseus
2228 5167 2365 5227 libri
2397 5164 2539 5248 περὶ
2565 5162 2923 5235 συνθέωως·
2945 5164 3262 5248 ὀνομάτων
3290 5187 3475 5246 quum
3504 5170 3638 5230 aliis
3683 5172 3832 5232 locis
3877 5177 4002 5232 tum
4052 5170 4122 5230 V.
4154 5189 4293 5249 pag.
4328 5167 4412 5230 94

688 5271 817 5351 (ed.
862 5272 1105 5356 Reisk.)
1149 5274 1559 5360 ducendarum
1605 5277 2099 5355 etymologiarum
2127 5284 2444 5357 rectaeque
2488 5282 2794 5341 nominum
2839 5283 3286 5363 compositionis
3313 5284 3734 5361 gravissimum
3780 5291 4083 5343 auctorem
4127 5284 4410 5359 nominat,

2336 5426 2540 5608 ,lc-2
3797 5384 3866 5447 ¹*
