5034 6167
2601 287 2642 349 'i'

760 504 973 578 postea
1017 498 1261 557 demum
1301 499 1390 557 rei
1433 495 1682 555 mutatio
1725 492 1831 553 illa
1872 495 2116 568 accidit,
2162 499 2233 552 ut
2274 491 2490 554 chorus
2536 494 2718 553 etiam
2761 498 3029 565 caneret3
3073 492 3154 552 ad
3197 510 3380 570 quam
3408 496 3794 555 mutationem
3836 497 3999 556 viam
4042 495 4316 556 videmus
4359 495 4481 556 iam
4541 462 4552 474 ’

760 612 1127 690 patefactam
1153 612 1217 669 in
1244 608 1466 684 hymno
1496 608 1601 684 qui
1628 606 1848 669 dicitur
1870 584 2214 679 Homerico,
2246 606 2419 683 cujus
2449 605 2721 668 conditor
2747 605 3011 668 Homero
3039 607 3175 684 ipso
3201 608 3396 667 minor
3423 612 3619 668 aetate
3649 613 3804 668 erat:
3847 612 3910 667 in
3937 608 4053 669 boc
4084 610 4243 687 enim
4271 615 4481 670 cantus

762 727 884 784 iam
910 741 1033 785 non
1059 725 1165 783 uni
1209 720 1568 794 citharistae,
1615 720 1725 781 sed
1753 719 2049 798 pluribus,
2094 717 2363 797 Apollini
2390 725 2453 777 et
2479 718 2694 791 Musis,
2742 716 3136 778 demandatus
3181 721 3291 779 est.
3357 717 3567 795 Neque
3609 725 3811 781 umen
3855 720 4055 800 iidem,
4103 722 4207 797 qui
4237 719 4482 782 eborum

756 837 1102 896 ‘mentium
1131 832 1490 905 effidebant,
1521 830 1839 893 saltatione
1865 831 2263 903 abstinebant,
2294 829 2404 889 sed
2432 829 2513 888 ad
2544 830 2821 889 carminis
2848 846 3130 890 numeros
3157 830 3369 890 sedate
3396 830 3722 892 movebant
3748 849 3816 892 se
3843 832 4214 908 modicisque
4244 836 4482 893 omnino

763 947 1034 1025 gestibus
1076 945 1426 1006 utebantur:
1484 941 1705 1005 Graeci
1746 942 1977 1005 scilieet
2016 948 2189 1002 nuta
2228 947 2369 1002 sunt
2411 939 2742 1014 alamitate,
2787 947 2875 1012 ut,
2921 944 2976 1000 si
3020 941 3166 1017 quid
3208 943 3591 1020 pronuntient
3631 950 3740 1004 aut
3781 950 4041 1016 cantent,
4085 962 4208 1005 non
4249 946 4485 1023 possint

764 1061 1072 1135 quiescere
1102 1063 1206 1117 aut
1233 1073 1485 1135 corpora
1515 1057 1836 1128 continere,
1880 1055 1990 1116 sed
2017 1071 2211 1131 usque
2241 1069 2308 1112 se
2352 1055 2609 1129 agitent3
2654 1053 2872 1128 quibus
2897 1054 3080 1113 rebus
3108 1055 3431 1114 incitantur
3467 1056 3668 1131 annui,
3715 1057 3929 1117 ibdem
3957 1073 4210 1135 corpora
4237 1074 4482 1118 moven-

761 1178 875 1230 tur.
951 1167 1143 1245 Quem
1187 1167 1429 1245 quidem
1474 1165 1696 1228 civium
1738 1184 1981 1228 suorum
2010 1182 2236 1226 morem
2264 1166 2328 1224 in
2357 1166 2614 1243 septimo
2638 1164 2715 1223 de
2744 1164 2980 1243 legibus
3009 1166 3179 1239 libro,
3226 1183 3403 1243 quem
3430 1152 3629 1228 locum
3656 1168 3834 1229 modo
3864 1171 4479 1244 commemoravimus,

762 1283 936 1343 Plato
962 1276 1276 1341 verhsime
1302 1279 1686 1357 significavit:
1732 1297 1870 1340 eum
1899 1295 2044 1339 vero
2072 1278 2253 1357 piane
2282 1279 2518 1354 ignorat
2561 1282 2766 1337 nostra
2807 1283 2996 1350 aetas,
3042 1295 3227 1353 quum
3267 1280 3322 1338 is
3366 1280 3716 1339 nostratium
3745 1286 4052 1340 cantorum
4080 1297 4227 1341 usus
4261 1284 4483 1342 sensim

760 1394 1097 1465 invaluerit,
1137 1398 1207 1452 ut
1233 1394 1450 1452 statuis
1478 1409 1555 1452 ne
1585 1391 1782 1452 dicam
1808 1387 2247 1462 taciturniores,
2293 1391 2357 1447 at
2383 1387 2808 1449 immobiliores
2837 1391 2957 1448 sint
2983 1391 3046 1448 in
3076 1389 3363 1450 canendo.
3401 1421 3474 1433 —
3510 1389 3628 1466 Qui
3658 1398 3881 1452 canunt
3905 1392 4207 1469 iidemque
4236 1394 4480 1468 saltant,

722 1499 729 1503 ⁴
758 1513 828 1565 ut
853 1522 951 1566 me
980 1503 1061 1565 ad
1090 1506 1466 1584 propositum
1492 1504 1763 1575 referam,
1804 1504 1851 1561 ii
1878 1502 2233 1581 plerumque
2261 1500 2543 1560 videntur
2569 1502 2732 1560 drea
2769 1499 2872 1559 'vel
2900 1502 3072 1561 iuxta
3111 1517 3277 1562 aram
3317 1504 3473 1563 inter
3514 1519 3583 1563 se
3623 1501 4083 1577 redamtruasse,
4127 1511 4197 1564 ut
4222 1504 4481 1583 Etymol.

754 1616 966 1696 Magn.
994 1616 1187 1677 tradit
1197 1609 1301 1695 ¹⁴),
1347 1614 1569 1676 talibus
1609 1614 2046 1694 propemodum
2090 1614 2357 1700 gestibus
2401 1612 2517 1686 usi,
2565 1613 2778 1689 quales
2807 1615 3034 1691 cogites
3062 1631 3101 1673 a
3127 1616 3357 1691 tragico
3385 1614 3566 1675 choro
3593 1618 3656 1676 in
3687 1614 3992 1677 orchestra
4018 1616 4277 1678 saltante
4304 1624 4485 1695 atque

762 1733 1065 1791 canticum
1106 1729 1320 1790 edente
1362 1726 1661 1787 exhibitos
1704 1743 1867 1788 esse:
1911 1726 2053 1786 huic
2093 1725 2399 1786 saltationi
2440 1726 2699 1784 succinit
2741 1723 2958 1785 chorus
3002 1728 3136 1804 ipse
3180 1741 3419 1788 carmen
3457 1727 3757 1803 quoddam
3801 1728 3922 1788 diei
3966 1729 4120 1790 resto
4163 1734 4226 1788 et
4268 1729 4483 1789 ceteris

762 1839 1151 1904 sollemnibus
1182 1841 1556 1901 caerimoniis
1587 1840 2124 1910 accommodatum,
2171 1837 2333 1916 quod
2362 1840 2562 1915 ipsum
2607 1836 3135 1915 ‘hyporcbematis’
3177 1841 3416 1899 nomine
3459 1847 3870 1918 nuncupatum
3914 1847 4008 1900 est
4050 1837 4187 1918 (cst.
4217 1857 4357 1920 pag.
4391 1837 4482 1921 4).

966 1951 1216 2025 Cinorus,
1262 1952 1341 2012 de
1384 1951 1712 2028 quomodo
1756 1947 2214 2029 disputavimus,
2250 1945 2445 2026 ‘quum
2473 1954 2678 2026 partes
2707 1947 3008 2010 faciliores
3051 1958 3257 2026 ageret
3297 1951 3556 2028 ideoque
3585 1969 3831 2013 numero
3859 1954 4069 2027 maior,
4115 1958 4185 2014 ut
4225 1951 4482 2024 videtur,

762 2071 943 2138 esset,
1008 2063 1422 2124 circumdabat
1463 2069 1572 2123 aut
1633 2064 1822 2141 prope
1887 2078 1955 2123 se
2020 2065 2279 2140 positum
2342 2060 2611 2120 babebat
2673 2060 2925 2120 alterum
2991 2062 3239 2122 eborum
3301 2062 3553 2124 fortasse
3617 2066 3904 2124 minorem
3970 2081 4047 2125 ex
4110 2065 4484 2143 peritissimis

760 2178 906 2237 artis
950 2176 1215 2236 saltandi
1254 2175 1597 2236 bominibus
1636 2181 2032 2235 constantem:
2078 2173 2142 2233 bi
2185 2173 2564 2234 saltationem
2608 2171 2833 2232 ambre
2878 2173 3193 2249 exciritam,
3242 2191 3398 2252 quae
3441 2178 3680 2255 proprie
3708 2182 3962 2237 vocatur
4001 2171 4486 2259 ὑπορχηματικὴ,

758 2288 1122 2349 exercebant
1185 2293 1249 2347 et
1308 2287 1560 2366 proinde
1623 2304 1699 2348 ac
1762 2288 2181 2363 subsequentis
2245 2287 2459 2346 aetatis
2522 2287 2907 2364 pantomimi,
2975 2287 3081 2362 qui
3138 2304 3214 2347 ex
3269 2286 3366 2348 bis
3417 2290 3568 2367 ipsis
3627 2290 3816 2350 exorti
3871 2294 4041 2364 sunt,
4105 2304 4208 2349 res
4269 2290 4488 2350 cantici

763 2401 1039 2461 versibus
1101 2398 1467 2478 significatas
1526 2399 1855 2477 symbolice
1914 2397 2355 2459 adumbrabant
2411 2415 2484 2459 ac
2544 2399 3000 2476 gesticulatione
3065 2400 3497 2476 exprimebant.
3602 2399 3893 2478 Symbola
3955 2417 4100 2461 vero
4160 2407 4223 2461 et
4278 2407 4486 2480 gestus

764 2530 947 2589 quum
990 2529 1101 2591 per
1140 2528 1210 2571 se
1250 2513 1486 2573 incerta
1526 2519 1730 2573 essent
1768 2528 1969 2588 neque
2013 2510 2305 2571 haberent
2345 2526 2590 2571 sensum
2633 2513 2752 2571 nisi
2796 2527 2873 2571 ex
2915 2527 3034 2570 usu
3076 2519 3506 2591 compactoque
3550 2512 3940 2587 substratum,
3987 2513 4212 2573 factum
4256 2521 4367 2586 est,
4421 2520 4489 2573 ut

757 2640 859 2685 res
898 2624 1286 2703 gesticulatis
1328 2624 1410 2683 ad
1451 2626 1599 2684 artis
1640 2624 1884 2684 modum
1927 2625 2161 2684 veniret
2203 2625 2501 2701 certisque
2544 2625 2769 2684 normis
2812 2623 3327 2684 intercluderetur.
3415 2623 3545 2685 Iam
3591 2627 3733 2702 quia
3772 2644 3894 2686 non
3938 2633 4221 2704 poterant
4262 2628 4483 2698 omnia,

760 2742 829 2797 at
869 2736 1183 2798 Diomedis
1226 2738 1601 2814 grammatici
1644 2732 1772 2814 (ap.
1819 2735 2067 2796 Putsch.
2112 2753 2174 2813 p.
2220 2731 2381 2813 489)
2435 2735 2511 2795 de
2566 2734 2682 2797 bac
2723 2752 2792 2796 re
2833 2736 3035 2796 verbis
3077 2742 3232 2808 utar,
3277 2735 3458 2795 simul
3501 2736 3666 2814 apud
3707 2752 3918 2798 omnes
3961 2735 4221 2800 artifices
4262 2740 4486 2817 pariter
4555 2747 4562 2751 ·

758 2850 1079 2922 excellere,
1123 2853 1180 2909 si
1224 2852 1329 2926 qui
1373 2853 1545 2908 erant
1582 2849 1737 2907 inter
1779 2849 2014 2908 actores
2066 2864 2177 2925 pro
2220 2847 2504 2907 facultate
2559 2854 2623 2906 et
2673 2853 2800 2907 arte
2855 2849 3121 2926 potiores
3138 2894 3154 2922 ,
3200 2850 3600 2926 principatum
3642 2849 3760 2908 sibi
3803 2845 4037 2910 artificii
4077 2849 4484 2910 vindicabant.

760 2959 958 3035 Quem
986 2961 1064 3022 ad
1093 2960 1339 3021 modum
1382 2961 1645 3038 potiores
1671 2960 2070 3033 misrior-ibus,
2117 2959 2183 3018 id
2211 2958 2374 3035 quod
2408 2960 2485 3019 ab
2513 2961 2653 3037 ipsa
2693 2959 3000 3019 hominum
3041 2967 3261 3019 natura
3303 2959 3550 3021 ductum
3581 2967 3689 3035 est,
3735 2963 3960 3021 servire
3992 2961 4484 3037 dedignabantur,

760 3076 847 3134 ita
874 3076 1042 3134 mimi
1084 3077 1149 3135 iu
1191 3089 1303 3133 suo
1347 3070 1598 3132 artificio
1641 3074 1857 3132 ceteris
1898 3072 2115 3133 cedere
2157 3072 2456 3133 nolebant.
2526 3069 2724 3131 Gautu
2765 3072 2948 3149 igitur
2991 3077 3098 3132 ant
3138 3074 3380 3149 penitus
3417 3071 3671 3151 expulso
3715 3079 3822 3133 aut
3862 3074 4212 3151 parcissime
4256 3080 4487 3133 retento

763 3188 960 3247 evasit
987 3204 1064 3247 ex
1094 3183 1561 3265 hyporcbemate
1604 3183 2104 3261 pantomimus
2122 3231 2138 3259 ,
2184 3185 2261 3245 de
2290 3200 2413 3260 quo
2438 3183 2746 3243 Lucianus
2785 3185 2849 3243 in
2877 3182 3050 3258 libro,
3099 3186 3204 3261 qui
3231 3185 3569 3245 inscribitur
3598 3180 3759 3266 ιἰπερὶ
3783 3180 4145 3269 ὀρχήσεωθ,
4190 3186 4489 3246 uberrime

758 3298 1015 3360 disserit.
1116 3299 1583 3369 Pantomimum,
1640 3313 1681 3354 a
1735 3293 1988 3359 Graods
2046 3298 2196 3357 satis
2252 3296 2617 3373 neglectum,
2678 3295 2966 3356 Romanis
3018 3311 3163 3358 vero
3220 3298 3476 3358 maxime
3530 3287 3878 3376 acceptum,
3932 3314 4080 3357 num
4135 3297 4314 3358 liceat
4367 3298 4487 3358 huc

758 3411 1011 3485 referre,
1070 3412 1372 3490 quispiam
1422 3408 1829 3484 haesitaverit,
1875 3410 2013 3483 sed,
2073 3416 2210 3471 utut
2250 3423 2350 3469 res
2394 3423 2462 3469 se
2505 3407 2721 3480 babet,
2781 3410 2948 3468 iuvat
2989 3414 3052 3467 et
3105 3407 3184 3468 ad
3241 3408 3333 3483 id,
3391 3408 3553 3485 quod
3611 3409 3711 3470 bic
3764 3408 4140 3488 appetimus,
4194 3409 4343 3470 utile
4396 3417 4488 3470 est

758 3519 1257 3597 aniinadvertoee,
1300 3539 1457 3599 quae
1484 3519 1708 3582 similia
1734 3522 1856 3582 sint
1883 3523 1947 3581 in
1988 3538 2106 3583 usu
2147 3522 2507 3601 populorum
2551 3521 3000 3598 propinquitate
3040 3522 3462 3600 proximorum.
3537 3518 3641 3581 Sic
3671 3519 3832 3597 quod
3863 3520 4073 3581 Livius
4102 3516 4486 3583 Andronicus

758 3637 825 3694 in
867 3634 1030 3695 ludb
1072 3633 1477 3697 Romanorum
1518 3634 1776 3695 scenicis
1818 3637 2169 3696 immutasse
2211 3635 2395 3695 fertur
2438 3630 2594 3711 (vid.
2639 3632 2774 3693 htv.
2820 3630 2961 3692 VII.
3010 3628 3117 3710 2),
3160 3634 3420 3693 maxime
3465 3633 3698 3708 attingit
3739 3631 4225 3711 hyporchemfls
4268 3631 4488 3695 Graeci

4419 3745 4454 3778 q

763 3897 960 3953 Graec.
1005 3897 1114 3952 litt.
1163 3898 1291 3952 hist.
1339 3896 1410 3965 11,
1462 3890 1517 3952 1.
1563 3915 1691 3969 pag.
1741 3887 1904 3972 499)
1947 3904 2062 3963 aut,
2106 3898 2219 3952 nisi
2260 3911 2479 3953 mecum
2523 3897 2718 3965 facias,
2765 3911 2958 3952 eorum
2987 3897 3263 3953 dissonam
3294 3898 3377 3952 sic
3408 3897 3709 3967 dirimitur,
3757 3905 3818 3952 ut
3845 3898 3920 3954 ab
3950 3898 4257 3971 praecipuo
4288 3900 4484 3971 aliquo

763 3990 985 4038 cantore
1032 4009 1108 4023 -
1158 3985 1208 4039 is
1238 3991 1357 4038 erat
1384 3972 1672 4063 ἐξάρχων
1718 4010 1795 4022 -
1843 3999 2114 4055 paeanem
2155 3999 2274 4039 esse
2305 3984 2677 4052 decantatum,
2726 4000 2761 4038 a
2789 3985 3005 4051 ceteris,
3055 3986 3156 4055 qui
3202 3983 3451 4051 aderant,
3483 3999 3701 4039 versum
3731 3984 4135 4054 intercalarem,
4185 3978 4483 4039 παιανικὸν

760 4069 912 4123 illud
956 4059 1295 4147 ἐπῇορημα,
1342 4072 1601 4125 iteratum
1643 4078 1869 4126 mutas.
1956 4070 2187 4140 Ubique
2230 4071 2403 4141 igitur
2442 4071 2505 4123 in
2548 4070 2714 4125 libris
2747 4069 3057 4126 Homericis
3092 4070 3350 4125 videmus
3392 4070 3576 4125 solum
3618 4072 3889 4126 cecinisse
3934 4073 4295 4142 citharistam,
4340 4074 4485 4128 aiios

762 4162 975 4223 autem,
1022 4158 1119 4226 qui
1168 4156 1373 4226 adsint,
1420 4164 1517 4211 aut
1558 4156 1894 4212 subsaltasse
1939 4148 2077 4229 (Οὐ.
2124 4155 2168 4210 1.
2225 4148 2363 4220 150,
2418 4148 2573 4224 1593
2633 4155 2842 4211 xvm.
2891 4147 3016 4211 304
3061 4148 3240 4229 alias)
3284 4164 3382 4210 aut
3424 4163 3626 4211 attente
3668 4172 3829 4212 aures
3874 4158 4199 4228 praebuisse
4244 4160 4482 4214 canenti.

973 4233 1057 4312 ¹⁴)
1102 4241 1166 4294 Ε.
1216 4243 1292 4296 Μ.
1338 4258 1466 4312 pag.
1517 4235 1662 4310 690,
1711 4235 1790 4296 41
1839 4230 2249 4319 ὑπορχήματα
2294 4230 2467 4294 ἅτινα
2511 4229 2726 4314 ἔλεγον
2769 4231 3133 4322 ὀρχούμενοι
3176 4232 3275 4295 καὶ
3315 4231 3642 4321 τρέχοντες
3682 4232 3881 4319 κύκλῳ
3926 4235 4033 4296 τοῦ
4073 4232 4299 4318 βωμοῦ
4328 4257 4483 4297 καιο-

756 4315 963 4399 μένων
990 4319 1113 4379 τῶν
1143 4315 1393 4402 ἱερείων.
1482 4328 1696 4383 Eodem
1738 4335 1964 4382 auctore
2008 4328 2359 4382 saltationem
2402 4328 2485 4382 sic
2525 4317 2858 4383 instituebat
2879 4328 3106 4383 chorus:
3150 4316 3256 4381 ὅτε
3285 4317 3358 4381 δὲ
3389 4318 3787 4405 περιέτρεχον
3815 4319 3919 4382 τὸν
3941 4319 4185 4403 βωμόν,
4231 4317 4485 4383 ἀπίεσαν

761 4424 808 4465 π
849 4400 1068 4488 ἇτερον
1096 4402 1226 4508 Ιιιὲν
1269 4403 1391 4466 ἀπὸ
1436 4406 1543 4467 τοῦ
1591 4403 1921 4490 ἀριστεροῦ
1959 4401 2199 4488 μέρους
2238 4403 2337 4466 ἐπὶ
2378 4404 2449 4466 τὸ
2496 4402 2697 4475 δεξιὸν
2740 4403 2895 4466 κατὰ
2931 4401 3010 4486 μί
3224 4406 3332 4467 τοῦ
3377 4403 3680 4478 ζωδιακοῦ
3724 4404 3941 4468 κύκλου
3955 4451 3974 4483 ,
4019 4405 4150 4468 ἐπεὶ
4178 4406 4275 4469 καὶ
4301 4406 4489 4475 αὐτὸς

912 4483 1183 4552 ἑναντιαν
1224 4488 1319 4573 τῷ
1364 4487 1612 4574 οὐρανῷ
1660 4491 1912 4553 ποιεῖται
1956 4487 2173 4575 κίνηω
2217 4489 2339 4552 ἀπὸ
2384 4489 2637 4573 δυσμῶν
2680 4488 2779 4553 ἐπὶ
2821 4427 3124 4558 ‹zvaraiz-
3147 4488 3308 4575 φερό
3491 4538 3507 4553 .
3575 4489 3835 4576 ὕστερον
3879 4490 3954 4553 δὲ
3998 4491 4170 4554 πάλιν
4214 4490 4335 4553 ἀπὸ
4378 4494 4485 4554 τοῦ

762 4572 967 4643 δεξιοῦ
1025 4574 1124 4637 ἐπὶ
1164 4575 1238 4637 τὸ
1282 4575 1607 4661 ἀριστερὸν
1652 4573 1821 4639 ἵεσαν
1878 4574 2033 4638 κατὰ
2080 4572 2330 4662 μίμησιν
2371 4577 2480 4638 τοῦ
2524 4575 2807 4661 οὐρανοῦ.
2893 4576 3241 4639 τελευταῖον
3325 4577 3358 4639 ὲ
3403 4577 3596 4640 πάντα
3639 4577 3743 4639 τὸν
3791 4559 4017 4661 βωμῦν
4072 4576 4480 4665 περιέτρεχον.

760 4667 1122 4725 Saitstiouem
1146 4671 1319 4725 illum
1360 4685 1580 4742 semper
1620 4674 1682 4726 in
1714 4671 1945 4727 modum
1972 4672 2281 4726 institutam
2312 4685 2431 4725 esse
2478 4684 2640 4726 nemo
2685 4671 2854 4727 facile
2900 4672 3245 4742 opinabitur,
3292 4671 3391 4726 sed
3435 4687 3614 4743 prona
3641 4679 3725 4726 est
3752 4674 4001 4743 suspicio
4029 4675 4201 4729 modo
4231 4674 4482 4729 adversis

761 4752 1036 4809 frontibus
1079 4764 1134 4810 et
1174 4757 1346 4812 firmis
1392 4757 1704 4827 ordinibus,
1750 4765 1814 4812 ut
1856 4758 2126 4812 Homerus
2170 4758 2353 4826 docet,
2410 4757 2694 4824 saltatum,
2736 4757 2908 4813 modu
2964 4758 3155 4813 orbem
3201 4766 3494 4825 versatum,
3547 4758 3716 4814 modo
3760 4758 3909 4813 alias
3953 4759 4238 4831 quaslibet
4279 4761 4479 4831 figuras

760 4839 986 4894 saltatas
1029 4855 1170 4910 esse,
1228 4851 1397 4913 prout
1440 4844 1626 4913 ipsum
1682 4843 1948 4899 carminis
2005 4850 2387 4914 argumentum
2444 4843 2833 4914 suppeditaret
2884 4851 2984 4898 aut
3039 4845 3492 4899 chorodidascali
3547 4844 3840 4900 arbitrium
3899 4846 4212 4916 imperaret.
4304 4848 4480 4914 Quam

762 4925 1033 4980 rationem
1054 4927 1121 4982 E.
1146 4928 1225 4982 M.
1250 4928 1548 4996 iudicavit,
1578 4945 1647 4983 ea
1676 4945 1787 4985 uon
1817 4943 2052 5000 semper,
2082 4925 2185 4985 sed
2212 4930 2491 4983 interdum
2513 4945 2620 4984 usu
2645 4930 2821 4998 venit,
2852 4944 3026 5000 quum
3055 4930 3260 4985 chorus
3290 4931 3363 4985 ad
3392 4932 3668 4986 sam-ilicis
3697 4933 3976 4986 cauticum
4005 4932 4245 5004 aliquod
4273 4933 4480 4988 decan·

758 5010 941 5078 tabat,
988 5014 1145 5083 quod
1187 5014 1502 5070 mistionis
1548 5023 1801 5070 ornatum
1843 5021 1942 5070 aut
1982 5016 2293 5086 postularet
2334 5022 2430 5070 aut
2472 5031 2584 5070 non
2631 5016 2968 5086 repudiaret.
3061 5017 3223 5071 Hunc
3266 5016 3512 5070 saltandi
3555 5032 3764 5072 morem
3804 5019 4097 5089 permultis
4141 5019 4480 5074 carminibus

758 5097 1003 5153 chorieis
1032 5097 1395 5154 'communem
1438 5102 1917 5171 grammaticorum
1960 5102 2189 5156 inscitia
2229 5102 2546 5156 inculcavit
2587 5102 2726 5156 solis
2768 5101 3246 5172 hyporehematis,
3291 5104 3351 5156 in
3398 5102 3606 5173 quibus
3651 5104 3905 5158 homiues
3949 5104 4175 5160 diverso
4228 5113 4475 5176 tempore

758 5183 1043 5240 diversum
1084 5186 1147 5240 in
1190 5186 1421 5241 modum
1460 5186 1692 5241 salmo
1733 5195 1929 5244 auctor
1969 5188 2034 5242 E.
2080 5188 2159 5242 M.
2202 5188 2375 5258 plane
2417 5188 2702 5259 ignorasse
2745 5189 2988 5243 videtur.
3079 5188 3332 5243 Getarum
3353 5203 3561 5255 -causa,
3608 5203 3724 5260 qua
3751 5189 3958 5245 factum
3987 5204 4108 5246 esse
4135 5191 4367 5259 dicitur,
4414 5200 4477 5244 ut

759 5270 930 5326 modo
976 5273 1325 5328 dextrorsum
1369 5273 1538 5328 modo
1583 5275 1957 5329 sinistrorsum
2001 5274 2415 5346 procederetur,
2464 5275 2615 5344 sapit
2655 5274 2833 5344 magis
2878 5270 3112 5330 otiosam
3156 5274 3434 5330 lusionem
3477 5290 3645 5346 quam
3688 5292 3885 5330 sanum
3911 5276 4223 5332 iudicium.
