5034 6167
2491 309 2530 376 9

646 526 1123 608 magnificentiae
1166 525 1383 587 mentis
1437 541 1553 586 non
1609 531 1910 597 noceatur3
1970 525 2221 588 alteram
2281 526 2581 601 pertinere
2636 525 2717 584 ad
2771 525 3176 584 verecundum
3232 525 3496 603 corporis
3551 525 3851 598 habitum,
3908 524 4232 601 agilitatem
4277 503 4364 586 ‘ac

640 647 1040 704 venustatem.
1110 625 1309 715 'Atque
1347 635 1428 697 ad
1456 635 1622 698 illam
1653 637 1891 713 quidem
1935 635 2191 695 classem
2218 651 2439 697 revoco
2468 636 2863 708 saltationem,
2911 651 3032 711 qua
3074 629 3578 718 ὑπορχουμένους·
3610 639 3864 697 usitatos
3894 652 4030 697 esse
4059 643 4365 715 putemus:

644 752 758 836 τῆς
804 746 1131 836 ὀρχήσεως·
1177 742 1330 831 ἄλλη
1367 743 1515 828 μὲν,
1570 747 1764 823 inquit
1813 745 2206 826 philosophus
2264 748 2339 807 de
2384 749 2500 824 leg.
2549 747 2685 806 VII.
2735 765 2872 826 pag.
2919 739 3044 807 -796
3089 747 3194 821 E„
3251 737 3502 830 Μούσης
3554 742 3714 815 λέξω
3751 742 4143 828 μιμουμένων
4186 743 4258 807 τό
4300 766 4368 807 τε

643 857 1120 945 μεγαλοπρεπὲς
1156 855 1572 943 φυλάττοντας
1619 852 1750 938 ἅμα
1805 853 1903 915 καὶ
1956 851 2303 939 ἐλεύθερον.
2402 853 2501 918 Ad
2556 857 2722 919 chori
2776 864 2976 920 autem
3039 875 3421 918 numerosum
3474 867 3700 948 motum
3751 860 4031 920 videntur
4073 867 4366 939 spectare,

648 993 803 1054 quae
848 977 926 1037 de
971 975 1161 1035 altera
1202 978 1373 1050 parte
1418 976 1882 1032 commemorata
1924 976 2080 1030 sunt.

853 1087 1027 1163 Quod
1068 1092 1321 1161 utraque
1367 1082 1627 1143 saltandi
1669 1084 1934 1159 species,
1988 1081 2364 1158 gesticulatio
2411 1088 2471 1142 et
2515 1082 2840 1142 modestior
2895 1090 2956 1142 et
2999 1083 3327 1156 actuosior,
3382 1084 3442 1141 in
3500 1082 3613 1143 hoc
3669 1099 3887 1158 genere
3955 1087 4366 1159 coagmentata

647 1208 709 1260 et
752 1199 1033 1277 copulata
1083 1197 1185 1256 vel
1238 1196 1398 1272 quod
1448 1201 1572 1255 tres
1627 1194 1803 1253 simul
1819 1238 1833 1265 ,
1890 1199 1960 1252 ut
2012 1191 2097 1252 ita
2151 1193 2377 1268 dicam,
2436 1194 2601 1255 chori
2657 1196 2721 1253 in
2775 1195 2984 1254 eodem
3040 1195 3302 1253 carmine
3347 1194 3722 1253 decantando
3767 1191 4018 1254 adhibiti
4068 1199 4235 1268 sunt,
4296 1211 4368 1254 eo

636 1312 1016 1389 potissimum
1045 1306 1515 1386 hyporchemata
1554 1306 1998 1384 distinguuntur
2027 1321 2209 1382 quum
2238 1306 2315 1366 ab
2347 1306 2481 1365 aliis
2511 1306 2713 1380 lyricis
2759 1305 3078 1382 generibus
3109 1313 3236 1365 tum
3275 1306 3379 1365 vel
3417 1307 3674 1365 maxime
3718 1305 3796 1364 ab
3842 1321 3933 1377 eo,
3983 1305 4141 1382 quod
4184 1306 4370 1383 vulgo

646 1423 1000 1500 proximum,
1045 1438 1124 1480 ne
1154 1420 1352 1479 dicam
1381 1435 1493 1497 par
1519 1417 1971 1496 hyporchemati
2016 1416 2262 1486 ducunt,
2309 1435 2345 1475 a
2375 1410 2726 1495 paeane20).
2796 1415 2858 1475 Is
2890 1419 3066 1490 enim,
3115 1433 3296 1492 quum
3327 1417 3699 1488 decantatur,
3745 1434 3864 1476 non
3891 1425 4033 1491 tres,
4079 1417 4186 1477 sed
4220 1418 4370 1476 duos

643 1540 877 1594 tantum
906 1534 1156 1609 requirit
1186 1530 1420 1604 choros,
1467 1525 1925 1608 symphoniacos
1968 1529 2259 1598 homines,
2306 1530 2437 1588 sive
2479 1528 2752 1588 fidicines
2797 1530 2926 1588 sive
2955 1527 3234 1589 tibicines
3277 1528 3531 1600 ruerunt,
3580 1534 3642 1588 et
3685 1534 3977 1602 cantores,
4026 1530 4128 1607 qui
4158 1536 4219 1589 et
4255 1531 4421 1608 ipsi·

644 1645 894 1705 saltentz
940 1637 1390 1724 κυβιστητῆρας
1428 1642 1561 1703 iilos
1591 1642 1771 1719 plane
1801 1643 2058 1718 ignorat:
2103 1641 2352 1718 paeanis
2382 1640 2637 1711 saltatio,
2682 1643 2907 1718 qnippe
2952 1656 3107 1715 quae
3152 1657 3191 1699 a
3219 1640 3560 1700 cantoribus
3606 1641 3923 1714 factitetur,
3969 1655 4079 1718 pro
4110 1658 4200 1716 ea,
4250 1657 4368 1717 qua

644 1773 842 1834 paean
884 1757 1125 1815 omnino
1170 1770 1305 1815 esse
1351 1755 1719 1826 clamitatur,
1778 1756 1977 1829 quiete
2024 1758 2083 1812 et
2124 1751 2420 1814 modestia
2462 1769 2559 1811 me
2604 1752 2800 1812 iudice
2843 1754 3112 1828 proxime
3158 1752 3392 1812 accedit
3434 1752 3514 1812 ad
3559 1768 3694 1813 eam
3723 1752 4132 1826 saltationem,
4189 1769 4368 1828 quam

642 1867 811 1927 'chori
855 1866 1363 1944 hyporchematiei
1406 1867 1646 1926 maioris
1688 1866 1875 1924 fuisse
1905 1865 2195 1942 suspicati
2237 1877 2464 1923 sumus.
2540 1864 2614 1923 In
2655 1862 2772 1924 hoc
2812 1864 3153 1924 discrimine
3183 1867 3381 1940 posita
3425 1871 3565 1923 sunt
3593 1864 3845 1924 aliarum
3886 1863 4370 1943 hyporchematis

646 1997 683 2037 a
736 1994 970 2056 paeane
1020 1978 1467 2038 distinctionum
1522 1978 1695 2054 quasi
1753 1978 1985 2036 semina
2036 1983 2099 2036 et
2151 1991 2398 2048 causae3
2465 1975 2605 2035 inde
2660 1976 2964 2053 pollucere
3023 1989 3134 2054 per
3183 1975 3756 2054 hyporchimaticum
3821 1993 4012 2053 genus
4077 1977 4369 2037 festivitas

646 2090 945 2167 quaedam
1000 2090 1240 2149 videtur
1290 2107 1365 2150 ac
1405 2091 1558 2150 mira
1616 2089 1833 2149 levitas
1878 2085 2158 2158 diffundi3
2214 2087 2353 2146 inde
2396 2087 2812 2147 vehementius
2859 2089 3041 2147 animi
3086 2104 3311 2161 eorum,
3359 2090 3461 2163 qni
3508 2086 3777 2159 audiunt,
3821 2087 4266 2148 inflammantur
4310 2100 4368 2148 et

643 2203 1044 2272 concitantur-3
1086 2200 1301 2278 procul
1344 2200 1533 2274 abest,
1581 2216 1737 2278 qnae
1780 2215 2080 2278 paeanum
2122 2201 2414 2278 imprimis
2458 2201 2703 2278 propria
2745 2200 2932 2260 sitisse
2983 2199 3216 2273 dicitur,
3265 2201 3555 2260 severitas
3601 2215 3674 2260 ac
3719 2200 3996 2278 dignitas.
4091 2199 4366 2260 Ceterum

650 2314 913 2373 eundem
953 2311 1215 2372 saltandi
1254 2312 1527 2386 modum,
1588 2329 1765 2388 quem
1819 2316 1881 2371 in
1937 2325 2169 2391 paeane
2225 2314 2420 2372 inesse
2466 2311 2755 2383 diximus,
2811 2311 2948 2388 plus
3002 2313 3201 2371 minus
3253 2312 3369 2372 sibi
3413 2311 3798 2371 adsciverunt
3839 2311 4074 2389 reliqna
4118 2318 4368 2389 excepto

645 2421 1022 2501 dithyrambo
1067 2437 1289 2501 genera
1328 2423 1564 2497 melica,
1609 2425 1838 2484 simodo
1882 2424 2261 2485 saltationem
2305 2429 2679 2500 receperunt,
2728 2423 3057 2500 eademque
3099 2429 3460 2501 respuerunt
3489 2441 3723 2484 omnem
3767 2422 4281 2484 subsaltationem.

849 2535 1024 2596 Nunc
1077 2551 1223 2595 vero
1236 2582 1250 2610 ,
1315 2538 1663 2614 priusquam
1731 2536 1913 2597 aliam
1977 2537 2387 2613 quaestionem
2441 2517 2848 2607 exordiamur,
2916 2534 3120 2608 liceat,
3192 2535 3693 2612 quemadmodum
3743 2538 3808 2594 in
3861 2537 4097 2597 nomico
4151 2552 4367 2614 genere

644 2644 814 2726 [pag.
846 2643 965 2726 44)
1008 2649 1277 2720 seems,
1322 2652 1411 2710 sic
1455 2648 1941 2727 hyporebematis
1983 2649 2284 2709 notionem
2325 2649 2540 2724 paucis
2585 2645 2850 2707 stabilire
2893 2649 2988 2722 iis,
3035 2663 3192 2723 quae
3236 2647 3436 2709 adhuc
3491 2649 3879 2726 exposuimus
3891 2639 3998 2726 ²¹),
4068 2650 4131 2708 in
4183 2663 4368 2707 unum

642 2759 900 2819 collatis:
966 2759 1106 2820 inde
1173 2761 1352 2820 credo
1408 2762 1553 2820 satis
1610 2767 1865 2839 apparet
1916 2758 2428 2839 hyporchema
2480 2759 2723 2818 fuisse
2777 2757 2850 2818 id
2894 2761 3304 2820 carminum
3356 2760 3800 2820 melicornm
3853 2775 4118 2837 genus,
4177 2758 4366 2837 quod

643 2870 886 2930 multa
939 2871 1363 2932 saltatione
1414 2874 1866 2931 instructum
1927 2875 2367 2931 cantaretur
2421 2888 2460 2930 a
2512 2871 2736 2931 choro
2802 2869 3158 2944 saltante,
3228 2869 3394 2930 dum
3455 2873 3862 2932 saltatores
3923 2870 4270 2931 nonnulli
4333 2887 4368 2928 a

646 2981 864 3042 choro
925 2981 1205 3043 diversi
1260 2985 1560 3043 mimica
1619 2984 1928 3059 quadam
1989 2985 2285 3044 actione
2342 2985 2848 3061 exprimerent
2901 2983 3252 3042 carminis
3309 2985 3753 3044 sententias.

848 3091 1150 3169 Quoniam
1208 3112 1243 3153 e
1296 3096 1515 3168 tribus,
1578 3109 1728 3171 quas
1783 3098 2028 3174 saepius
2089 3095 2214 3154 dixi
2233 3140 2248 3168 ,
2312 3097 2617 3172 agentium
2671 3094 2945 3172 partibus
3009 3094 3163 3154 duas
3216 3094 3568 3155 saltatorum
3629 3100 3691 3156 et
3744 3101 4058 3155 cantorum
4111 3093 4366 3164 absolvi,

645 3213 942 3284 superest,
986 3213 1058 3265 ut
1098 3207 1289 3267 verba
1341 3205 1630 3268 normulis
1681 3206 1901 3266 addam
1961 3205 2039 3266 de
2082 3207 2285 3279 tertia,
2332 3206 2411 3267 de
2454 3206 2890 3286 symphonia
2932 3206 3414 3284 hyporchematis
3461 3209 3845 3285 attemperari
3888 3208 4080 3269 solita.
4169 3207 4370 3267 Prima

644 3317 887 3392 quidem
930 3323 1148 3392 aetate,
1194 3325 1264 3378 ut
1303 3321 1573 3379 musicae
1618 3320 2069 3394 antiquissimae
2112 3319 2265 3379 ratio
2306 3335 2419 3397 per
2462 3334 2529 3379 se
2574 3318 2945 3392 manifestat,
3004 3317 3299 3378 cithara
3353 3318 3483 3379 sola
3539 3320 3662 3381 fere
3719 3322 3783 3379 in
3825 3322 3899 3379 iis
3945 3319 4190 3397 pulsata
4233 3335 4366 3379 esse

644 3429 900 3489 videtur.
985 3429 1287 3491 Homerus
1328 3430 1584 3504 scincet,
1644 3429 2149 3507 quemadmodum
2202 3431 2266 3489 h
2310 3430 2590 3491 omnibus
2640 3429 2824 3491 rebus
2873 3430 2976 3490 vel
3029 3432 3380 3491 tenuissima
3430 3436 3769 3510 temporum
3823 3433 4370 3508 antiquisshnorum

643 3540 1007 3601 lineamenta
1046 3560 1169 3603 non
1210 3543 1409 3603 minus
1452 3548 1731 3602 accurate
1791 3557 1971 3618 quam
2015 3545 2163 3603 scite
2209 3541 2603 3617 admnbravit,
2659 3544 2751 3604 sic
2791 3544 2856 3602 in
2900 3548 3028 3602 arte
3071 3544 3323 3615 musica,
3365 3548 3437 3601 ut
3479 3543 3757 3619 equidem
3795 3544 4065 3620 arbitror,
4108 3547 4369 3624 priorum

645 3651 950 3712 hominurn
1004 3670 1179 3714 usum
1233 3653 1511 3731 religiose
1569 3655 1889 3732 expressit3
1957 3659 2135 3731 atque
2193 3656 2247 3713 is
2303 3655 2546 3731 quidem
2589 3655 2789 3729 tibias,
2848 3671 2998 3732 quas
3057 3655 3330 3715 barbaris
3385 3653 3530 3714 solis
3583 3657 3799 3715 asserit
3853 3653 3990 3735 (cfr.
4047 3653 4261 3716 Athen.
4319 3656 4367 3715 1.

644 3781 783 3841 pag.
823 3760 901 3824 16
930 3759 1053 3843 Β.),
1095 3771 1304 3844 utpote
1334 3767 1578 3844 originis
1606 3764 1891 3838 Asianae,
1938 3767 2121 3844 plane
2146 3768 2403 3827 removIt
2430 3783 2505 3827 ex
2536 3765 3001 3846 hyporchemate
3046 3783 3178 3841 suo,
3226 3767 3387 3843 quod
3431 3766 3510 3827 ab
3538 3783 3658 3828 uuo
3690 3767 4036 3829 citharoedo
4066 3773 4367 3828 cantatum

644 3881 806 3935 certe
860 3876 935 3935 de
989 3876 1284 3936 industria
1335 3895 1530 3953 neque
1586 3879 1715 3938 sine
1774 3877 1992 3938 idonea
2042 3880 2271 3939 ratione
2326 3879 2484 3939 fecit.
2586 3876 2721 3939 Hoc
2774 3878 2939 3953 loco,
2998 3896 3182 3956 quum
3240 3881 3474 3940 occasio
3529 3886 3976 3958 peropportuna
4019 3879 4226 3940 oblata
4268 3882 4363 3953 sit,

646 3987 843 4047 facere
896 4004 1018 4047 non
1070 4004 1345 4066 possum,
1408 3990 1548 4065 quin
1603 3987 1935 4067 paullisper
1988 3988 2292 4067 digressus
2338 3990 2419 4049 ad
2472 3991 2925 4051 vexatissimum
2967 3990 3139 4051 illum
3181 3992 3546 4052 versiculum
3588 3990 3766 4052 Hom.
3814 3991 3886 4051 Il.
3932 3989 4170 4051 XVIII.
4219 3987 4366 4065 604,

647 4097 721 4156 de
769 4113 888 4173 quo
926 4115 1110 4177 supra
1140 4095 1310 4178 (pag.
1345 4095 1417 4178 6)
1463 4099 1918 4177 disputavimus,
1966 4101 2387 4178 conjecturam,
2435 4103 2712 4178 quamvis
2741 4101 3039 4162 Athenaei
3069 4104 3422 4163 auctoritate
3451 4120 3570 4164 non
3597 4104 3831 4163 munita
3858 4105 3953 4177 sit,
4001 4102 4368 4181 depromam.

648 4207 828 4268 Haud
868 4211 993 4272 scio
1035 4228 1111 4270 an
1158 4210 1309 4272 haec
1352 4212 1529 4272 fuerit
1573 4228 1778 4288 causa,
1825 4228 1945 4289 qua
1984 4211 2309 4290 perductus
2349 4213 2732 4276 Aristarchus
2776 4213 2948 4274 illum
2977 4230 3218 4274 versum
3263 4215 3763 4293 exstinguendum
3793 4231 3928 4276 esse
3959 4214 4369 4275 arbitraretur:

645 4321 798 4381 vidit
842 4323 1000 4384 enim
1056 4324 1118 4380 in
1173 4321 1654 4401 hyporchematis
1699 4321 1948 4390 Graecis
2003 4326 2356 4404 plerumque
2417 4329 2701 4390 usitatam
2758 4331 2818 4386 et
2873 4326 3240 4386 dominatam
3293 4343 3424 4388 esse
3470 4326 3676 4388 tibiam
3693 4372 3708 4401 ‚
3763 4327 4018 4404 ideoque
4074 4327 4365 4402 lyr-istam,

647 4434 815 4493 cuius
870 4434 1033 4513 apud
1087 4432 1416 4495 Homerum
1468 4438 1690 4498 mentio
1744 4435 1838 4510 fit,
1886 4437 2106 4516 ¹utique
2152 4436 2491 4516 propulsari
2533 4438 2744 4499 maluit
2799 4455 2981 4515 quam
3032 4444 3275 4517 poetam
3319 4455 3542 4512 errore,
3598 4445 3667 4498 ut
3709 4441 3762 4498 is
3809 4437 4052 4515 quidem
4096 4437 4365 4511 credidit,

859 4668 948 4755 ²⁰)
990 4680 1100 4736 Hic
1142 4681 1420 4752 imprimis
1463 4681 1781 4738 laudandus
1835 4690 1915 4738 est
1957 4684 2028 4742 A.
2077 4682 2478 4739 Boeckhius
2535 4675 2640 4757 (de
2691 4692 2846 4742 metr.
2893 4684 3060 4740 Pind.
3106 4701 3167 4755 p.
3202 4675 3322 4741 201
3371 4675 3483 4757 n.),
3538 4684 3640 4755 qui
3690 4684 3753 4738 in
3807 4683 4120 4740 sanationis
4170 4697 4368 4754 genere

649 4763 784 4818 scite
826 4766 1017 4833 posuit
1060 4766 1379 4836 discrimen,
1428 4768 1583 4838 quod
1627 4768 1772 4823 inter
1814 4780 2057 4839 paeanes
2103 4777 2158 4824 et
2200 4769 2658 4840 hyporchemata,
2705 4772 2920 4841 species
2964 4771 3270 4826 arctissime
3316 4784 3613 4838 connexas,
3658 4770 3967 4823 interesset:
4025 4783 4366 4839 ⁶paeanes,

650 4848 862 4918 inquit,
920 4858 1016 4905 aut
1072 4853 1405 4923 simpliciter
1457 4854 1823 4923 canebantur,
1878 4855 2038 4910 cuius
2093 4856 2173 4909 rei
2227 4856 2547 4925 exemplum
2604 4856 2774 4911 tradit
2817 4857 2962 4911 Paus
3005 4855 3081 4912 X.
3131 4850 3234 4923 24,
3303 4863 3400 4911 aut
3442 4855 3782 4911 canebantur
3824 4869 3951 4909 cum
3994 4854 4289 4910 saltatione
4334 4869 4370 4909 a

648 4934 841 5004 choro,
888 4936 1007 4991 sine
1051 4940 1272 4993 actione
1316 4940 1543 4995 mimica
1585 4942 1878 4996 scenicave
1925 4941 2155 5012 opinor3
2200 4940 2299 4995 sed
2344 4942 2776 5014 hyporchem
2795 4949 2905 4998 ata
2948 4943 3251 5013 agebantur
3303 4957 3339 4997 a
3390 4940 3728 5012 quibusdam
3785 4941 3944 4996 chori
3988 4939 4366 5007 saltatoribus,

647 5019 780 5074 dum
827 5022 1079 5093 reliquus
1124 5025 1327 5080 chorus
1371 5022 1744 5097 tripudiaret’.

856 5097 945 5182 ²¹)
975 5109 1058 5164 De
1081 5110 1276 5166 eadem
1299 5111 1411 5165 sere
1430 5113 1931 5184 hypomhematum
1954 5113 2188 5182 ratione,
2214 5127 2358 5184 qnae
2381 5120 2586 5184 poetae
2616 5114 2852 5181 scenici,
2887 5115 3042 5168 velut
3063 5112 3389 5184 Sophocles,
3416 5111 3818 5184 Aristophanes
3846 5105 3975 5187 (cfr.
3999 5111 4070 5167 H.
4092 5110 4365 5179 Schmidt,

647 5193 685 5246 l.
736 5207 785 5246 c.
832 5207 961 5267 pag.
997 5186 1143 5264 3⁶6,
1190 5196 1317 5252 Chr.
1350 5197 1508 5264 Muti,
1554 5200 1595 5253 l.
1644 5214 1693 5254 c.
1741 5211 1868 5269 pag.
1904 5189 2007 5266 22,
2040 5215 2124 5269 sq.
2173 5205 2227 5252 et
2264 5191 2417 5272 132)
2462 5198 2727 5255 dramatis
2770 5197 2887 5254 suis
2935 5200 3363 5266 admiscuerunt,
3428 5200 3698 5269 optimum
3757 5199 3939 5253 visum
3994 5205 4076 5254 est
4117 5198 4263 5252 infra
4303 5198 4368 5250 in

648 5281 833 5350 capite
878 5288 1074 5353 quarto
1121 5282 1423 5354 disputare.
