5034 6167
2509 270 2589 331 12

678 480 988 559 explorato
1029 478 1284 542 habeas:
1342 477 1840 555 quemadmodum
1897 476 2205 540 liberalem
2251 480 2526 553 quamvis
2579 483 2768 540 artem
2812 477 3030 542 Graeci
3081 479 3264 539 rebus
3308 478 3524 540 divinis
3577 479 3896 542 obnoxiam
3947 481 4197 546 reddere
4241 485 4403 548 soliti

676 599 842 665 sunt,
903 593 989 650 ita
1033 590 1345 650 Cretenses
1390 589 1469 649 ad
1513 606 1688 649 sacra
1733 589 1979 649 deorum
2031 590 2446 666 indigenarum
2504 590 2851 651 exornanda
2894 589 3245 652 saltationes
3291 597 3550 651 armatas
3611 591 4024 654 adhibuerunt.
4117 594 4402 658 Venerati

677 709 818 764 sunt
846 679 1164 764 Cretenses
1208 703 1501 780 imprimis
1527 701 1733 762 Iovem
1776 706 1958 776 atque
2001 703 2065 761 in
2097 703 2225 761 eius
2269 702 2456 762 sacris
2499 717 2750 780 campus
2778 701 3105 763 latissimus
3142 707 3270 764 erat
3299 708 3543 779 apertus
3572 702 3995 763 saltationibus
4039 704 4396 785 bellicrepis.

678 814 840 876 Iovis
885 829 1049 886 vero,
1096 817 1200 890 qui
1245 811 1779 890 cognominabatur
1821 805 2236 894 Κρηταγενὴς,
2281 819 2496 874 natura
2537 818 2679 885 toto,
2724 818 2792 874 ut
2834 814 3020 886 aiunt,
3069 813 3234 874 coelo
3275 813 3539 876 distabat
3578 831 3616 872 a
3645 812 3810 887 Iove,
3857 815 4098 891 qualem
4140 818 4403 894 vulgaris

683 924 1050 985 Graecorum
1116 927 1316 1003 opinio
1374 923 1662 1001 fingebat:
1724 925 1883 984 inter
1935 924 2097 984 illius
2155 932 2217 985 et
2270 924 2598 1002 Olympici,
2664 925 2985 986 Dodonaei
3045 942 3267 988 numen
3321 929 3549 986 tantum
3603 926 4013 987 intercedebat
4063 928 4400 1003 discrimen,

683 1041 969 1112 quantum
984 1081 998 1109 ,
1057 1045 1125 1096 ut
1168 1037 1362 1096 simile
1407 1036 1701 1113 proferam
1748 1035 2086 1113 exemplum
2102 1081 2116 1108 ,
2170 1038 2324 1096 inter
2367 1036 2630 1096 Dianam
2679 1034 3004 1120 Ephesiam
3049 1042 3110 1096 et
3153 1035 3463 1100 Graecam.
3556 1036 3731 1111 Quod
3774 1041 3977 1100 mirari
4021 1041 4124 1098 vix
4165 1042 4401 1113 subeat,

681 1151 961 1223 quoniam
1010 1149 1129 1206 ista
1182 1146 1349 1208 Iovis
1401 1164 1576 1208 sacra
1630 1147 1917 1208 translata
1970 1154 2111 1208 sunt
2166 1150 2230 1207 in
2273 1147 2510 1210 Cretam
2572 1165 2648 1210 ex
2690 1148 2837 1207 Asia
2880 1149 3106 1208 minore
3127 1192 3142 1219 ,
3199 1149 3304 1209 ubi
3351 1149 3547 1210 cultus
3605 1148 3709 1210 ille
3765 1150 4101 1211 simillimus
4146 1150 4402 1227 Cybeles

679 1261 885 1320 matris
930 1259 1198 1335 vigebat:
1245 1265 1480 1320 ceterae
1526 1257 1818 1319 Graeciae
1861 1265 2064 1336 partes
2106 1261 2181 1320 iis
2212 1261 2581 1337 praeclusae
2636 1265 2821 1318 erant.
2918 1258 3070 1319 Rem
3128 1261 3218 1319 sic
3273 1276 3340 1319 se
3392 1259 3678 1324 habuisse
3721 1263 3995 1322 muniunt
4038 1261 4287 1326 Curetes
4341 1270 4405 1328 et

681 1386 837 1446 quae
881 1368 957 1428 de
986 1370 1060 1428 iis
1090 1376 1323 1430 veteres
1367 1370 1612 1431 tradunt
1655 1367 1884 1448 (strab.
1917 1369 1999 1431 X.
2032 1388 2172 1448 pag.
2209 1369 2334 1432 718
2365 1368 2508 1450 sq).
2581 1370 2782 1445 Quum
2813 1368 3077 1445 Curetes,
3127 1387 3276 1448 quos
3306 1370 3656 1448 pyrrhiches
3689 1372 3954 1433 colentes
3981 1375 4403 1452 studiososque

682 1481 867 1541 fuisse
915 1498 1119 1541 omnes
1165 1499 1286 1540 uno
1331 1498 1433 1542 ore
1476 1486 1871 1556 consentiunt,
1917 1480 2085 1542 Iovis
2102 1481 2399 1555 flamines,
2454 1499 2574 1543 non
2637 1480 2934 1559 Apollinis
2989 1483 3413 1560 perhibeantur
3429 1527 3444 1555 ,
3499 1500 3654 1559 nego
3713 1483 4073 1561 pyrrhichen
4127 1488 4402 1563 primitus

681 1593 999 1653 inservisse
1054 1591 1379 1672 Apollineo
1433 1595 1648 1666 cultui,
1707 1594 1818 1655 sed
1872 1611 2007 1656 eam
2050 1592 2183 1654 Iovi
2241 1593 2357 1654 soli
2413 1592 2683 1653 Cretensi
2734 1592 2991 1653 vindico.
3081 1592 3294 1670 Itaque
3348 1593 3731 1673 pyrrhicham
3774 1601 3835 1656 et
3875 1595 4282 1673 hyporohema
4324 1598 4402 1657 ab

680 1706 872 1781 primo
916 1710 1047 1763 ortu
1092 1712 1327 1767 secreta
1368 1708 1553 1768 fuisse
1596 1707 1741 1766 satis
1787 1706 2001 1767 elucet.
2094 1704 2388 1777 Ceterum,
2437 1723 2622 1781 quum
2664 1703 2827 1764 Iovis
2871 1703 3218 1782 Cretagenis
3265 1707 3510 1778 cultum,
3557 1709 3662 1781 qui
3703 1722 3939 1770 summo
3984 1711 4229 1772 nurnine
4256 1711 4402 1769 satis

680 1814 960 1892 indignus
993 1822 1168 1892 esset,
1218 1822 1457 1878 omnino
1489 1818 1708 1880 Graeci
1736 1819 2216 1879 abominarentur
2259 1819 2507 1891 eiusque
2552 1817 2843 1876 rationem
2885 1833 2995 1893 pro
3025 1835 3259 1878 morum
3288 1821 3580 1894 gravitate
3611 1816 3952 1895 posterioris
3983 1822 4196 1882 aetatis
4227 1821 4404 1884 nimis

682 1928 1061 2004 orgiasticam
1091 1927 1445 2002 fastidirent,
1492 1919 1719 2006 aliquid
1749 1930 1826 1989 ab
1858 1947 1929 1990 eo
1975 1928 2301 1988 delibatum
2333 1943 2466 1988 esse
2497 1927 2576 1987 ad
2605 1927 2859 1988 aliorum
2886 1930 3198 1990 numinum
3228 1947 3399 1992 sacra
3427 1930 3828 2008 perpetranda
3857 1932 3958 1990 vix
3981 1930 4264 1992 credibile
4295 1936 4402 1992 est.

895 2037 1065 2112 Quae
1110 2055 1294 2114 quum
1336 2043 1423 2100 ita
1465 2042 1601 2114 sint,
1647 2041 1847 2101 facere
1891 2058 2009 2101 non
2054 2056 2396 2117 possumus,
2443 2041 2592 2114 quin
2635 2040 3030 2116 astipulemur
3073 2042 3339 2120 opinioni
3386 2058 3608 2112 eorum,
3656 2044 3760 2118 qui
3802 2042 4139 2122 approbant
4179 2040 4407 2119 hypor-

687 2149 964 2210 chemata
1007 2166 1320 2210 emanasse
1367 2169 1401 2211 e
1444 2153 1873 2228 paeanibus
1917 2159 2022 2212 aut
2067 2153 2366 2212 communi
2408 2151 2626 2214 saltem
2678 2150 2920 2213 vinculo
2976 2169 3111 2212 cum
3155 2154 3229 2212 iis
3274 2154 3592 2214 coniuncta
3637 2154 3840 2214 fuisse.
3929 2152 4102 2214 Hanc
4160 2153 4404 2228 quidem

682 2263 1026 2338 opinionem
1084 2262 1463 2322 conmendat
1517 2262 1847 2323 Menander
1912 2264 1988 2324 de
2048 2281 2277 2324 encom.
2335 2261 2384 2322 I.
2451 2261 2479 2320 1
2546 2256 2688 2330 τοὺς
2744 2257 2834 2328 εἰς
2878 2253 3220 2322 Ἀπόλλωνα
3273 2257 3498 2343 ὕμνους
3558 2264 3833 2326 dlvidens
3891 2267 3956 2324 in
4009 2280 4276 2341 paeanes
4342 2270 4404 2323 et

683 2371 1171 2450 hyporchemata.
1275 2371 1590 2436 Consensit
1642 2390 1780 2434 cum
1835 2392 1906 2434 eo
1959 2375 2317 2435 Plutarchus
2372 2374 2450 2433 de
2502 2390 2655 2436 mus.
2718 2391 2852 2452 cap.
2891 2374 3008 2438 IX.
3067 2381 3129 2436 et
3185 2375 3292 2447 X„
3368 2393 3483 2451 quo
3537 2375 3672 2435 loeo
3730 2377 4100 2437 dubitatione
4152 2382 4406 2438 vexatus

687 2491 799 2556 est,
858 2501 1004 2542 num
1049 2490 1265 2561 poetae
1312 2485 1552 2562 quidam
1600 2488 2041 2564 composuerint
2092 2502 2357 2564 paeanes
2413 2504 2492 2548 an
2547 2485 3038 2564 hyporchemata.
3127 2486 3224 2547 Ad
3283 2504 3464 2563 quam
3518 2487 3972 2562 ambiguitatem
4014 2486 4180 2546 haud
4224 2486 4404 2548 dubie

685 2594 1009 2672 propulsus
1055 2600 1147 2656 est
1189 2596 1564 2670 Plutarchus,
1615 2615 1800 2674 quum
1842 2613 2107 2676 paeanes
2151 2602 2212 2658 et
2253 2597 2724 2675 hyporchemata
2766 2600 2918 2658 mira
2963 2599 3226 2675 quadam
3269 2598 3486 2658 indolis
3531 2605 3593 2659 et
3637 2599 4086 2675 compositionis
4127 2597 4403 2660 similitu-

686 2706 828 2766 dine
882 2709 1214 2769 arctissime
1269 2710 1589 2770 coniuncta
1640 2711 1893 2780 videret5
1950 2709 2163 2770 eadem
2220 2712 2483 2770 carmina
2536 2711 2600 2769 in
2651 2709 2955 2770 nonnullis
2998 2711 3178 2770 rebus
3235 2729 3275 2770 a
3327 2727 3395 2771 se
3455 2711 3753 2770 disiuncta
3810 2726 3948 2770 esse
3997 2711 4132 2788 ipse
4191 2711 4404 2779 sensit;

688 2835 808 2894 qua
839 2818 913 2878 de
961 2836 1163 2892 causa,
1208 2826 1275 2880 ut
1321 2820 1673 2882 discriminis
1704 2821 1932 2896 aliquid
1974 2825 2130 2883 inter
2173 2839 2247 2882 ea
2291 2824 2703 2896 intercessisse
2747 2823 2962 2882 aetatis
3005 2821 3168 2882 illius
3213 2821 3554 2882 hominibus
3583 2821 3967 2900 approbaret,
4022 2821 4287 2898 confugit
4329 2821 4435 2882 ad,

685 2930 1031 3002 Pindarum,
1089 2947 1267 3006 quem
1318 2938 1559 3009 poetam
1614 2937 1675 2992 et
1728 2935 2023 3011 paeanica
2078 2938 2136 2993 et
2186 2933 2717 3011 hyporchematica
2770 2936 3033 2993 carmina
3087 2935 3495 3011 composuisse
3538 2951 3646 3010 pro
3701 2939 3862 2994 certo
3908 2933 4135 2994 hahuit.
4228 2932 4407 2996 Hauc

687 3057 834 3101 sane
879 3046 1476 3120 argumentationem,
1525 3061 1709 3122 quum
1750 3046 1921 3106 nobis
1968 3046 2210 3120 quidem
2254 3045 2649 3122 exploratum,
2696 3045 2877 3104 immo
2924 3046 3242 3105 contritum
3297 3047 3375 3104 sit
3430 3045 3785 3105 discriminis
3837 3043 4213 3121 aliquantum
4255 3047 4408 3104 inter

689 3167 913 3229 genera
954 3153 1059 3213 illa
1100 3156 1516 3232 interpositum
1561 3173 1720 3228 esse,
1768 3176 1806 3217 a
1848 3159 2037 3218 tirone
2083 3157 2345 3232 quodam
2389 3156 2679 3217 tironibus
2733 3157 3013 3218 traditam
3069 3172 3203 3218 esse
3247 3149 3476 3218 *dixeris
3535 3174 3727 3233 neque
3780 3156 4021 3218 homine
4075 3155 4250 3216 docto
4306 3156 4408 3214 vix

691 3262 952 3339 dignam.
1042 3264 1167 3326 Sed
1210 3283 1395 3341 quum
1438 3266 1545 3328 illa
1581 3277 1851 3346 tempora
1880 3268 2093 3328 harum
2121 3286 2321 3328 rerum
2350 3285 2572 3346 magna
2599 3270 2839 3329 inscitia
2868 3245 3105 3341 fuerint,
3154 3268 3296 3343 quid
3323 3270 3556 3338 mirum,
3601 3267 3762 3344 quod
3791 3272 3967 3328 notae
3997 3267 4406 3328 discernentes

691 3391 847 3450 quae
903 3375 1233 3453 qualesque
1288 3378 1539 3452 fuerint,
1594 3379 1984 3444 Plutarchum
2029 3380 2210 3458 plane
2255 3382 2446 3458 fugit?
2536 3379 2811 3442 Ceterum
2829 3425 2843 3454 ,
2891 3386 2960 3440 ut
3010 3357 3270 3457 ingenue
3323 3373 3539 3451 fatear,
3605 3380 3949 3456 negaverim
4000 3376 4411 3457 hyporchema

694 3487 867 3561 quasi
909 3485 1160 3548 filiolum
1203 3508 1279 3549 ex
1322 3508 1557 3568 paeane
1598 3498 1845 3570 parente
1896 3499 2105 3553 natum
2157 3510 2289 3553 esse
2346 3493 2638 3569 adeoque,
2697 3499 2767 3554 ut
2810 3493 2912 3552 alii
2955 3494 3182 3565 volunt,
3245 3491 3642 3568 degenerasse
3685 3493 3982 3569 gravitate
4027 3493 4155 3551 eius
4199 3497 4408 3552 exuta:

694 3599 876 3657 immo
907 3599 1081 3659 ambo
1111 3616 1350 3680 semper
1379 3603 1524 3663 mihi
1567 3606 1701 3664 visa
1729 3611 1870 3665 sunt
1912 3622 1947 3665 e
1991 3608 2321 3666 communis
2351 3609 2561 3670 matris
2605 3609 2831 3683 gremio
2873 3605 3037 3666 edita
3067 3620 3220 3676 esse,
3268 3603 3753 3679 quandoquidem
3783 3603 4102 3673 simillima,
4148 3606 4410 3660 attamen

693 3710 849 3770 inter
892 3725 957 3769 se
1001 3713 1189 3785 varia,
1236 3721 1303 3773 ut
1344 3711 1497 3776 ra'tio
1542 3721 1634 3775 est
1677 3734 2110 3792 germanorum,
2160 3735 2265 3778 ora
2309 3724 2487 3795 atque
2531 3733 2729 3778 mores
2774 3734 2921 3794 prae
2959 3733 3027 3776 se
3066 3707 3381 3790 ferunt2'1).
3466 3712 3902 3774 Necessitatem
3944 3712 4126 3787 igitur
4169 3710 4410 3770 minime

695 3821 998 3898 impugno.
1049 3853 1127 3865 —
1174 3822 1441 3900 Utraque
1486 3829 1719 3904 species
1767 3828 1843 3887 ad
1887 3844 1984 3888 res
2029 3828 2326 3906 Apollinis
2370 3845 2575 3889 sacras
2619 3827 2979 3889 factitandae
3024 3826 3270 3887 redacta
3314 3830 3425 3898 est,
3472 3823 3582 3884 sed
3624 3822 3815 3882 altera
3857 3822 4109 3882 alteram
4150 3821 4409 3882 numinis

696 3934 1066 4010 provinciam
1111 3937 1474 4012 procurabat
1516 3938 1771 4015 ideoque
1832 3945 2103 4000 naturam
2157 3940 2235 4001 ab
2296 3941 2490 4002 altera
2550 3942 2696 4001 satis
2753 3939 3050 3998 diversam
3102 3935 3407 3998 induebat.
3495 3935 3720 4007 Paean,
3782 3934 3845 3995 id
3904 3934 4065 4011 quod
4118 3933 4235 3996 alio
4278 3932 4412 3994 loco

699 4043 1260 4120 demonstravimus,
1307 4025 1591 4110 servabat
1633 4051 1981 4129 dignitatem
2010 4053 2329 4130 Apollineo
2376 4070 2511 4114 cum
2557 4054 2816 4112 maxime
2862 4050 3048 4110 cultui
3092 4050 3397 4127 propriam
3442 4054 3520 4120 et,
3568 4064 3725 4123 quae
3774 4063 3885 4124 par
3939 4053 4068 4105 erat
4110 4044 4414 4123 suppdica-

696 4154 987 4229 tionibus,
1055 4161 1469 4232 severitatem3
1539 4163 1697 4239 quod
1756 4170 1956 4223 autem
2020 4164 2393 4225 tribuebatur
2460 4163 2655 4223 eidem
2707 4161 2973 4240 Apollini
3027 4160 3421 4238 patrocinium
3470 4159 3817 4231 hilaritatis,
3884 4157 4151 4218 laetitiae
4216 4173 4411 4244 paene

699 4266 1193 4342 exsultabundae‚
1239 4272 1303 4331 id
1345 4272 1796 4337 administrabat
1836 4279 1901 4336 in
1944 4277 2123 4337 rebus
2167 4277 2418 4352 poeticis
2449 4272 2873 4351 hyporchema.
2963 4273 3166 4332 Paean
3193 4272 3377 4349 igitur
3405 4271 3643 4330 insitam
3672 4270 3932 4331 numinis
3964 4269 4412 4330 averruncantis

698 4385 947 4440 naturae
993 4384 1349 4457 gravitatem
1395 4387 1733 4463 exprimens
1775 4389 2079 4448 invocavit
2121 4385 2463 4463 Apollinem
2508 4377 2724 4457 οὔλιον,
2769 4378 3151 4464 lat-possuntt»
3165 4427 3179 4456 ,
3227 4381 3632 4461 hyporchema
3673 4381 4014 4460 Apollinem
4072 4379 4414 4440 festivitatis

700 4475 916 4554 ducem
959 4494 1308 4570 animosque
1351 4494 1658 4556 hominum
1701 4503 1829 4558 arte
1873 4501 2120 4570 musica,
2169 4499 2421 4575 poetica,
2469 4496 2778 4556 saltatoria
2823 4494 3250 4556 exhilarantem
3296 4511 3368 4553 ac
3397 4494 3686 4565 laudavit,
3733 4499 3800 4551 ut
3826 4486 4170 4571 Pindar120)
4215 4489 4413 4550 verbis

699 4609 850 4676 utar,
902 4621 1055 4681 quae
1098 4606 1376 4666 videntur
1422 4624 1456 4667 e
1502 4611 1762 4669 carmine
1817 4606 2344 4686 hyporchematico
2390 4608 2707 4685 desumpta
2752 4623 2904 4681 esse,
2965 4600 3301 4689 ίὀρχηστὴν
3345 4597 3609 4684 ἀγλαΐας·
3649 4599 3988 4663 ἀνάσσοντα
4023 4596 4411 4663 Ἀπόλλωναὶ

701 4713 975 4777 Indidem
1021 4717 1198 4780 facile
1244 4721 1484 4779 evenire
1529 4722 1742 4797 potuit,
1788 4726 1855 4777 ut
1896 4718 2487 4796 hyporchematicum
2544 4736 2732 4797 genus
2778 4717 3110 4796 paeanibus
3155 4720 3321 4796 prius
3368 4717 3444 4777 ab
3488 4716 3785 4795 Apollinis
3829 4718 4070 4775 numine
4115 4715 4415 4793 primitivo

702 4827 780 4886 ad
824 4832 1073 4891 numina
1116 4830 1237 4890 alia
1282 4831 1721 4890 transferretur:
1767 4833 1851 4890 ita
1894 4830 2168 4891 Pratinas
2217 4847 2457 4892 carmen
2499 4829 3085 4908 hyporchematicum
3132 4829 3398 4890 condidit
3438 4831 3500 4887 in
3543 4827 3868 4899 Bacchum,
3917 4825 4313 4905 Bacchylides
4358 4826 4420 4884 in

704 5020 905 5060 nomen
950 5003 1311 5077 repetendum
1356 5006 1428 5061 ab
1474 5013 1648 5062 aetate
1692 5011 1930 5079 postera,
1986 5022 2098 5078 qua
2143 5005 2217 5062 ad
2261 5022 2347 5063 res
2390 5007 2694 5062 Bacchicas
2739 5008 3004 5062 translata
3059 5013 3140 5061 est
3181 5006 3516 5079 pyrrhicha:
3570 5006 3678 5060 hac
3738 5005 3968 5076 quidem
4011 5004 4271 5059 saltantes
4314 5017 4441 5072 pro.

708 5089 926 5163 clypeis
989 5098 1044 5145 et
1094 5091 1267 5146 hastis
1322 5092 1610 5163 gestabant
1665 5093 1885 5164 thyrsos
1940 5100 1995 5148 et
2047 5092 2336 5165 lampades
2392 5084 2523 5168 (cfr.
2587 5093 2794 5149 Athen.
2858 5093 3010 5148 XIV.
3059 5078 3179 5150 631
3232 5093 3312 5161 A;
3371 5092 3553 5162 Bode,
3611 5091 3819 5148 hellen.
3878 5090 4204 5148 dichtkunst
4246 5085 4315 5142 Π.
4377 5079 4416 5141 2

701 5190 829 5246 pag.
879 5168 1055 5251 336).

911 5251 1000 5337 ²⁷)
1047 5263 1146 5318 cfr.
1192 5277 1319 5335 pag.
1369 5257 1428 5319 9.
1476 5281 1530 5318 n.
1580 5256 1681 5319 20.

913 5338 1001 5428 2Β)
1047 5350 1240 5424 Bergk.
1291 5351 1351 5406 C.
1398 5350 1462 5406 L.
1510 5352 1664 5422 frgm.
1719 5343 1860 5407 125.
