5034 6167
2485 277 2565 340 14

664 489 724 542 et
767 481 1192 542 moderationis
1246 488 1307 542 et
1361 482 1691 559 elegantiae
1745 484 1942 546 studio
1997 490 2380 563 temperatae.
2471 486 2545 547 Id
2597 489 2800 565 ipsum
2859 489 3021 550 cadit
3077 492 3141 550 in
3166 488 3609 568 hyporchema,
3668 494 3839 556 cuius
3899 512 4147 558 nervum
4189 497 4377 559 fuisse

662 593 1040 654 saltationem
1083 609 1270 672 supra
1311 596 1589 656 eruimus.

867 703 1165 766 Creticum
1208 705 1615 784 hyporchema
1659 713 2127 771 communicasse
2173 728 2312 772 cum
2352 712 2849 776 Lacedaemoniis
2893 714 3177 790 ideoque,
3237 732 3418 792 quum
3472 716 3549 774 ab
3600 718 3675 778 iis
3727 723 3853 778 tum
3906 721 4097 784 omnis
4142 719 4379 784 choriea

661 819 862 895 poesis
915 816 1297 890 conderetur,
1360 816 1595 881 Graeca
1652 822 1893 881 civitate
1936 822 2206 883 7donasse
2263 823 2478 884 dicitur
2534 825 2893 887 Thaletas
2949 824 3401 905 Gortynius:
3457 845 3594 888 eum
3648 846 3769 890 non
3823 832 4082 907 primum
4133 831 4238 891 illa
4288 834 4378 892 in-

661 932 899 990 venisse
915 923 1032 1007 3⁰),
1090 929 1198 990 sed
1242 931 1489 990 inventa
1532 932 1694 1010 apud
1738 931 2000 994 Graecos
2056 941 2289 994 tantum
2332 936 2508 995 modo
2554 936 2901 1014 divulgasse
2957 957 3078 1000 non
3120 938 3298 998 modo
3344 956 3420 998 ex
3461 940 3567 1014 iis,
3618 956 3771 1016 quae
3816 940 4015 1004 adhuc
4059 942 4377 1020 explicavi,

660 1042 807 1101 mihi
850 1042 1085 1101 videtur
1129 1044 1441 1117 consequi,
1489 1043 1595 1102 sed
1642 1047 1820 1104 etiam
1866 1062 1975 1122 per
2018 1062 2085 1105 se
2127 1046 2404 1123 iutelligit
2433 1053 2649 1125 potest.
2740 1049 3023 1110 Thaletas
3069 1052 3248 1127 igitur
3291 1052 3738 1127 antiquissimus
3781 1054 3935 1112 inter
3962 1051 4227 1115 Graecos
4270 1055 4383 1116 fuit

662 1161 839 1232 poeta
881 1154 1125 1230 lyricus,
1170 1155 1235 1213 in
1278 1155 1451 1213 cuius
1482 1156 1842 1218 carminibus
1888 1160 2261 1233 grammatici
2303 1156 2772 1236 hyporchemata
2813 1162 2994 1221 obvia
3040 1161 3573 1238 deprehenderunt.
3642 1161 3923 1224 Summae
3953 1165 4114 1226 idem
4147 1173 4276 1226 erat
4317 1169 4381 1227 in

660 1273 787 1326 arte
832 1267 1062 1326 musica
1105 1271 1230 1324 tum
1276 1267 1692 1326 constituenda
1735 1272 1862 1328 tum
1906 1269 2351 1346 amplificanda,
2374 1265 2777 1333 auctoritatis:
2835 1274 3048 1333 eximie
3092 1274 3227 1350 ipse
3272 1290 3408 1334 eam
3448 1273 3770 1334 illustravit
3810 1278 4003 1350 novis,
4057 1293 4214 1352 quae
4260 1279 4380 1338 iam

666 1381 1035 1455 consumptis
1080 1378 1499 1450 substitueret,
1559 1380 1939 1440 incrementis
1994 1383 2344 1457 conquisitis
2388 1388 2449 1441 et
2490 1384 2776 1460 patefecit
2819 1387 2978 1444 viam
2996 1429 3011 1454 ,
3059 1401 3208 1460 qua,
3255 1388 3360 1460 qui
3401 1392 3542 1463 post
3583 1389 3774 1447 secuti
3817 1393 3959 1448 sunt
4009 1388 4110 1447 vel
4164 1391 4378 1448 musici

660 1490 758 1550 vel
802 1495 1038 1567 poetae,
1085 1494 1273 1549 artem
1302 1505 1475 1549 suam
1521 1492 1772 1567 quisque
1814 1494 1877 1552 in
1919 1492 2237 1553 latissimos
2269 1510 2515 1572 campos
2559 1511 2752 1571 usque
2796 1495 2876 1555 ad
2919 1495 3069 1557 illud
3114 1502 3350 1574 tempus
3393 1495 3662 1586 reclusos
3691 1497 4072 1558 deducerent.
4150 1499 4380 1561 Auctor

660 1603 773 1661 fuit
814 1601 1078 1668 alterius.
1127 1618 1305 1678 quam
1351 1608 1587 1675 vocant,
1642 1599 2078 1668 καταστάσεως
2115 1607 2382 1666 musicae
2426 1612 2736 1683 artemque
2778 1608 3055 1681 fibinam,
3115 1625 3272 1683 quae
3327 1609 3491 1685 apud
3536 1605 3800 1669 Graecos
3843 1609 4120 1686 neglecta
4166 1610 4377 1687 jacuit,

663 1712 768 1773 aut
819 1716 1044 1791 primus
1100 1715 1162 1772 in
1207 1712 1592 1776 Doriensium
1634 1717 1926 1776 musicam
1970 1717 2293 1777 introduxit
2337 1723 2442 1777 aut
2459 1764 2474 1791 ,
2539 1735 2695 1796 quae
2755 1721 2955 1796 opinio
2999 1719 3374 1780 verisimflior
3419 1727 3512 1780 est
3559 1751 3636 1762 —
3685 1726 3906 1782 norunt
3950 1723 4108 1782 enim
4151 1738 4377 1793 omnes,

663 1843 845 1902 quam
888 1825 1058 1902 larga
1102 1842 1283 1884 manu
1313 1823 1531 1886 Graeci
1574 1826 1888 1887 tribuerint
1927 1827 2171 1888 laudem
2215 1831 2576 1907 inventionis
2611 1834 2784 1890 --in
2827 1830 3226 1892 conditionem
3273 1821 3501 1891 cithara
3541 1834 3596 1891 si
3640 1849 3759 1891 non
3789 1834 4173 1910 superiorem,
4222 1839 4381 1893 certe

662 1941 717 1997 ei
762 1953 1103 2014 comparem
1146 1939 1437 2014 provexit.
1506 1938 1556 1997 E
1587 1937 1907 2015 generibus
1948 1940 2153 2017 lyricis
2182 1949 2497 2018 paeauem,
2544 1948 2613 2001 ut
2647 1944 2768 2000 iam
2797 1942 2916 2001 alio
2945 1943 3079 2003 loco
3111 1942 3583 2004 demonstratum
3613 1950 3722 2016 est,
3767 1960 3985 2020 magno
4013 1945 4382 2006 incremento

661 2049 876 2109 ditavit
929 2049 1198 2110 tibicinio
1252 2048 1332 2108 ad
1393 2066 1529 2108 eum
1590 2049 1922 2127 applicato,
1994 2070 2110 2127 quo
2163 2055 2435 2113 instituto
2492 2054 2769 2113 carminis
2822 2059 3035 2114 natura
3089 2054 3275 2114 multo
3333 2053 3590 2115 vividior
3653 2060 3715 2115 et
3767 2056 4114 2116 concitatior
4167 2057 4376 2116 evasit.

658 2160 914 2221 Protulit
957 2159 1215 2236 denique
1259 2160 1853 2237 hyporchematicum
1897 2179 2088 2240 genus
2132 2181 2165 2223 e
2195 2162 2374 2224 Creta
2418 2165 2818 2243 desumptum,
2861 2165 2937 2224 de
2983 2183 3100 2241 quo
3144 2183 3364 2241 genere
3392 2168 3603 2226 merito
3633 2166 3892 2226 dubitari
3924 2171 4124 2243 potest
4165 2166 4379 2243 plusne

660 2275 860 2350 ipsum
914 2272 1002 2330 rei
1055 2274 1321 2332 musicae
1365 2273 1597 2334 Dorum
1649 2292 1728 2333 an
1782 2275 1899 2351 ipsi
1953 2291 2050 2334 res
2108 2277 2340 2336 musica
2385 2276 2621 2339 debeat.
2718 2276 2982 2337 Auctore
3034 2279 3218 2354 igitur
3279 2277 3534 2339 Thaleta
3552 2323 3566 2350 ,
3629 2279 3913 2353 quoniam
3967 2280 4020 2337 is
4073 2277 4216 2348 suit,
4278 2280 4382 2353 qui

660 2383 993 2444 tibicinium
1034 2380 1368 2459 Apollineis
1423 2387 1661 2445 omnino
1720 2384 1901 2446 rebus
1957 2389 2145 2447 sacris
2198 2387 2565 2460 conciliavit,
2620 2395 2688 2448 ut
2744 2390 2807 2448 in
2861 2407 3094 2467 paeane
3146 2390 3372 2452 facturn
3418 2406 3551 2449 esse
3605 2389 3783 2450 modo
3829 2389 4116 2464 diximus,
4172 2391 4263 2449 sie
4319 2391 4382 2450 in

663 2493 1148 2571 hyporchematis
1206 2495 1386 2556 tibias
1440 2496 1636 2558 inflari
1679 2503 1924 2575 coeptas
1970 2515 2104 2559 esse
2147 2499 2419 2577 partibus
2465 2498 2824 2562 cithararum
2840 2545 2858 2574 ,
2915 2518 3072 2577 quae
3127 2501 3208 2561 ad
3258 2501 3422 2561 illam
3467 2507 3726 2564 aetatem
3769 2502 3935 2562 solae
3978 2501 4380 2579 pulsarentur,

660 2608 723 2666 in
776 2607 998 2666 arctius
1054 2609 1373 2668 contractis
1424 2611 1573 2669 satis
1635 2608 1947 2687 probabile
2013 2617 2122 2670 est.
2223 2611 2501 2672 Ceterum
2555 2612 2635 2671 ad
2701 2628 2799 2684 ea,
2870 2629 3024 2688 quae
3081 2613 3259 2674 modo
3311 2616 3905 2675 commemoravimus
3959 2612 4037 2672 de
4091 2610 4382 2674 Thaletae

660 2716 1163 2796 hyporehematis,
1210 2718 1355 2778 nihil
1398 2721 1596 2792 refert,
1643 2739 1787 2780 num
1829 2722 2184 2784 Plutarchus
2229 2719 2336 2800 (de
2365 2741 2518 2784 mus.
2568 2741 2619 2783 c.
2655 2719 2692 2782 9
2739 2741 2875 2802 pag.
2918 2722 3079 2786 1134
3113 2721 3191 2803 C)
3233 2725 3433 2784 tradat
3460 2724 3777 2785 Thaletam
3805 2726 3990 2788 fuisse
4035 2726 4383 2802 scriptorem

661 2847 987 2908 paeanum:
1032 2848 1172 2890 nam
1204 2848 1386 2908 quam
1417 2833 1635 2910 exigua
1664 2834 1742 2893 sit
1769 2835 1831 2892 in
1862 2833 2014 2894 libro
2058 2835 2136 2895 de
2165 2837 2398 2896 musica
2426 2837 2763 2914 conscripto
2792 2835 2944 2896 fides
2973 2837 3297 2910 Plutarchi,
3345 2840 3398 2896 si
3427 2838 3912 2915 suopteingenio
3941 2838 4127 2897 utitur
4161 2852 4379 2912 neque,

664 2959 820 3018 quae
863 2941 1062 3020 prodit
1104 2943 1446 3016 memoriae,
1502 2943 1719 3004 diserte
1764 2946 2149 3024 locupletium
2193 2952 2502 3009 auctorum
2555 2949 2910 3010 testimoniis
2955 2951 3173 3021 munit,
3231 2950 3548 3018 ‚notissima
3596 2965 3693 3008 res
3737 2954 3849 3010 est.
3938 2948 4076 3010 Huc
4131 2949 4381 3018 accedit,

663 3054 825 3131 quod
883 3055 1043 3114 idem
1097 3053 1456 3116 Plutarchus
1510 3057 1690 3133 paulo
1746 3062 1885 3134 post
1937 3054 2114 3136 (ibid.
2173 3076 2227 3120 c.
2290 3055 2402 3138 10)
2453 3077 2565 3121 suo
2617 3065 2809 3121 semet
2824 3104 2839 3133 ,
2896 3065 2966 3118 ut
3023 3062 3216 3133 aiunt,
3274 3060 3475 3136 gladio
3528 3049 3787 3139 iugulat:
3855 3079 3994 3122 nam
4052 3061 4232 3122 docet
4274 3101 4292 3134 a
4306 3059 4381 3120 de

664 3165 924 3226 Thaleta
967 3166 1216 3225 dubium
1262 3181 1427 3240 esse,
1484 3185 1628 3227 uum
1669 3185 1935 3245 paeanes
1988 3171 2334 3249 scripserit,’
2391 3177 2455 3231 et
2496 3172 2675 3232 docet
2714 3173 2829 3245 ita,
2882 3178 2951 3231 ut
2992 3173 3055 3244 ii,
3111 3173 3213 3249 qui
3258 3172 3689 3232 dubitationem
3732 3178 4031 3244 moveant,
4075 3174 4141 3232 in
4181 3172 4382 3233 locum

662 3296 957 3357 paeanum
988 3277 1459 3355 hyporchemata
1489 3283 1852 3358 supposituri
1881 3281 2068 3343 fuisse
2097 3284 2432 3344 videantur.
2520 3283 2595 3343 In
2637 3282 2753 3345 hoc
2797 3285 3095 3357 dissensu,
3143 3285 3298 3344 sicut
3327 3286 3390 3344 in
3418 3284 3722 3361 plerisque
3751 3283 3933 3343 rebus
3966 3286 4380 3356 controversis,

668 3393 906 3468 utrique
951 3392 1108 3468 parti
1154 3392 1280 3449 veri
1325 3391 1619 3468 particula
1664 3399 1757 3453 est
1800 3393 2105 3455 adiuncta:
2195 3393 2482 3458 Thaletas
2528 3400 2843 3471 utramque
2887 3397 3067 3457 simul
3110 3397 3376 3474 speciem
3421 3394 3767 3471 complexus
3813 3410 3947 3458 esse
3991 3395 4244 3456 videtur.

877 3500 949 3560 In
1001 3501 1483 3579 hyporchematis
1540 3504 1701 3580 quod
1747 3503 2034 3565 Thaletas
2085 3506 2418 3579 inchoavit,
2477 3509 2880 3581 continuavit,
2940 3509 3081 3584 quin
3138 3507 3316 3566 etiam
3373 3521 3821 3568 consummasse
3877 3507 4095 3568 dicitur
4138 3507 4382 3568 Xeno-

667 3614 923 3673 damus
978 3613 1337 3691 Gythei-eus,
1395 3615 1507 3674 sed
1561 3614 1637 3675 de
1695 3634 1765 3680 eo
1818 3615 1968 3676 nihll
2018 3617 2145 3678 sere
2198 3618 2365 3679 aliud
2421 3621 2608 3680 scitur
2651 3636 2833 3695 quam
2889 3620 3051 3696 quod
3106 3619 3286 3680 modo
3339 3618 3565 3679 dictum
3621 3623 3727 3679 est.
3821 3616 4172 3678 Athenaeus
4224 3619 4382 3676 enim

666 3723 746 3804 (Ι.
795 3743 934 3802 pag.
988 3720 1064 3784 15
1108 3723 1220 3803 D.)
1269 3727 1512 3787 exhibet
1553 3724 1697 3788 hoc:
1752 3723 1788 3785 ὁ
1822 3722 2108 3809 τρόπος·
2157 3723 2776 3812 ὑπορχηματικὸς
2815 3723 3139 3812 ἤνθησεν
3181 3724 3306 3790 ἐπὶ
3347 3723 3787 3810 Ξενοδήμου
3834 3723 3948 3786 καὶ
3989 3720 4381 3805 Πινδάρου

666 3835 803 3916 (cir.
848 3855 988 3914 pag.
1036 3832 1128 3914 5).
1197 3835 1429 3911 Quibus
1476 3838 1717 3915 quidem
1761 3839 1962 3900 verbis
2008 3841 2378 3919 significatur
2428 3844 2576 3906 satis
2620 3842 2866 3920 longum
2910 3842 3068 3902 floris
3113 3843 3393 3920 spatium,
3443 3856 3625 3917 quum
3668 3838 4065 3900 Xenodamus
4109 3836 4384 3896 videatur

667 3947 959 4009 Thaletae
1013 3966 1239 4026 suppar
1280 3949 1483 4012 fuisse.
1571 3948 1634 4010 Is
1678 3956 1833 4012 teste
1874 3953 2195 4015 Plutarcho
2239 3955 2279 4014 l.
2329 3972 2381 4015 c.
2427 3971 2549 4013 non
2592 3952 3089 4030 hyporchemata,
3155 3952 3266 4012 sed
3322 3968 3585 4030 paeanes
3629 3952 3883 4030 pepigit:
3937 3951 4188 4011 fortasse
4241 3949 4383 4007 item

664 4065 728 4122 in
775 4065 1025 4136 utroque
1070 4076 1289 4136 genere
1333 4066 1607 4122 versatus
1653 4068 1759 4123 est.
1848 4062 2047 4139 Quum
2092 4083 2166 4126 ex
2210 4065 2305 4139 iis,
2353 4082 2508 4142 quae
2555 4065 2629 4124 de
2675 4063 2931 4125 Thaleta
2972 4063 3326 4124 Plutarchus
3369 4063 3630 4134 tradidit,
3677 4069 3806 4123 tum
3850 4080 3925 4122 ex
3967 4061 4088 4122 hoc
4126 4059 4386 4120 maxime

670 4171 805 4231 loco
850 4163 1026 4251 ,beau
1070 4161 1130 4229 δ’
1166 4167 1222 4229 οἱ
1265 4167 1405 4252 περὶ
1452 4167 1728 4254 Θαλήταν
1770 4193 1838 4235 τε
1882 4172 1978 4238 καὶ
2020 4169 2373 4257 Ξενόδαμον
2390 4219 2406 4235 .
2419 4220 2433 4234 .
2454 4218 2468 4233 .
2517 4171 2753 4257 ποιηταὶ
2796 4170 3062 4234 παιάνων
3076 4217 3091 4232 .
3110 4215 3124 4234 .
3141 4220 3155 4234 .
3174 4190 3188 4204 ·
3242 4168 3410 4234 ἄλλοι
3454 4168 3527 4234 δὲ
3557 4168 3910 4253 Ξενόδαμον
3937 4166 4389 4256 ὑπορχημάτων

674 4276 924 4366 ποιητὴν
970 4275 1281 4361 γεγονέναι
1324 4281 1475 4364 φασὶ
1519 4281 1616 4343 καὶ
1659 4280 1730 4344 οὐ
1775 4284 2041 4346 παιάνων
2085 4283 2369 4369 καθάπερ
2414 4268 2746 4369 Πρατίνας.’
2825 4281 2944 4346 Καὶ
2979 4281 3165 4345 αὐτοῦ
3206 4281 3280 4346 δὲ
3309 4282 3418 4345 τοῦ
3445 4279 3803 4366 Ξενοδάμου
3834 4277 4389 4367 ἀπομνημονεύεται

669 4382 872 4477 ᾆσμα,
928 4389 970 4451 ὅ
1023 4388 1149 4452 ἐστι
1202 4393 1494 4476 φανερῶς·
1541 4391 1890 4480 ὑπόρχημα’
1939 4431 2016 4444 -
2074 4418 2153 4460 ex
2205 4401 2321 4461 hoc
2379 4402 2560 4478 igitur
2607 4400 2802 4476 liquet
2849 4398 3235 4459 Plutarchum
3291 4415 3490 4475 neque
3543 4401 3740 4477 ipsum
3798 4399 4151 4459 instructum
4204 4395 4389 4454 fuisse

670 4507 1024 4568 discriminis
1041 4551 1055 4578 ,
1115 4507 1276 4582 quod
1320 4509 1476 4569 inter
1519 4527 1815 4587 paeanem
1860 4516 1921 4570 et
1975 4511 2386 4600 hyporchema
2428 4511 2794 4585 intercedat,
2851 4512 3189 4588 cognitione
3243 4516 3522 4572 accurata
3582 4516 3645 4571 et
3685 4510 3762 4570 de
3805 4508 3925 4570 illis
3970 4508 4163 4585 poetis
4207 4504 4387 4583 plane

668 4618 1017 4678 destitutum
1063 4620 1239 4679 certis
1286 4620 1658 4693 auctoribus,
1714 4639 1964 4698 quorum
2008 4622 2229 4684 auxilio
2282 4639 2409 4683 rem
2466 4629 2652 4684 totam
2697 4620 2949 4682 haberet
2991 4621 3330 4684 enodatam.
3381 4655 3457 4666 —
3504 4621 3706 4698 Atque
3750 4620 4147 4682 Xenodamus
4164 4660 4178 4686 ,
4226 4614 4385 4692 quod

667 4728 1199 4808 hyporchematum
1239 4731 1444 4790 florem
1484 4733 1845 4793 stabilivisse
1877 4734 2109 4810 dicitur,
2159 4742 2447 4811 quantum
2489 4736 2830 4796 coniectura
2864 4733 3101 4812 quidem
3145 4736 3386 4810 assequi
3424 4733 3583 4808 licet,
3632 4732 3869 4792 videtur
3907 4749 3978 4793 eo
4008 4729 4384 4808 potissimum

669 4842 915 4900 meritus
961 4858 1121 4916 esse,
1180 4842 1342 4918 quod
1387 4846 1646 4904 carmine
1691 4845 2212 4923 hyporchematico
2255 4848 2486 4926 primus
2531 4846 2680 4908 alios
2725 4852 2964 4925 praeter
2995 4846 3338 4925 Apollinem
3385 4845 3529 4907 deos
3572 4845 3807 4905 ornavit
3851 4850 4034 4920 atque
4079 4841 4160 4901 ad
4204 4840 4386 4899 alium

671 4953 905 5012 transiit
945 4951 1299 5012 fabellarum
1329 4953 1560 5026 orbem;
1607 4957 1706 5016 vel
1733 4957 2004 5018 heroicas
2039 4958 2290 5018 fortasse
2319 4975 2417 5020 res
2445 4958 2563 5019 sibi
2590 4960 2862 5037 sumpsit,
2910 4975 3273 5035 quamquam
3302 4958 3459 5018 hanc
3490 4956 3732 5033 quidem
3761 4955 4002 5015 laudem
4030 4951 4387 5013 Plutarchus

672 5062 1003 5122 Xenocrito
1059 5063 1401 5124 vindicavit.
1468 5097 1544 5108 —-
1603 5066 1863 5129 Xenoc
1878 5071 2093 5129 ritum
2152 5068 2542 5143 Locrensem,
2600 5086 2777 5144 quem
2821 5068 3175 5130 Plutarchus
3232 5076 3302 5128 ut
3352 5067 3669 5146 aequalem
3727 5071 3910 5143 atque
3964 5064 4260 5134 eiusdem,
4322 5068 4390 5121 ut

669 5174 1003 5249 videbatur,
1053 5177 1196 5236 artis
1241 5178 1469 5236 socium
1514 5180 1589 5238 iis
1632 5181 1847 5267 poetis,
1895 5197 2045 5257 quos
2088 5181 2264 5242 modo
2308 5182 2449 5256 dixi,
2496 5182 2803 5243 subiunxit
2832 5186 2893 5241 et
2938 5179 3011 5241 de
3057 5198 3175 5256 quo
3221 5180 3474 5242 eandem
3519 5181 3983 5241 controversiam
4027 5177 4230 5248 movit,
4276 5191 4388 5250 ‘an

881 5343 967 5425 30)
1012 5353 1110 5408 cfr.
1157 5354 1336 5409 schol.
1385 5355 1461 5410 ad
1507 5355 1671 5411 Piud.
1719 5357 1909 5428 Pyth:
1932 5356 2002 5410 11.
2053 5347 2152 5412 69.
2204 5349 2361 5431 (pag.
2417 5349 2546 5432 11).
