5034 6167
2494 232 2541 296 8

650 445 967 505 actionem:
1024 445 1078 504 is
1123 444 1284 504 enim
1328 460 1510 520 quum
1555 443 1801 521 saepius
1845 449 2164 503 revocatus
2207 459 2419 504 vocem
2463 443 2803 505 obtudssset
2817 437 2929 522 ¹⁵),
2987 430 3168 503 venia
3217 447 3406 522 petita
3447 447 3751 507 canticum
3795 449 4025 507 cantori
4068 449 4246 510 alicui
4293 451 4370 510 ad

650 556 957 618 tibicinem
992 555 1431 618 decantandum
1461 554 1867 627 demandavit,
1910 555 2044 632 ipse
2072 570 2217 615 vero
2246 557 2370 633 egit
2398 556 2705 632 aliquanto
2735 558 2927 633 magis
2955 535 3198 635 vigente
3227 563 3413 631 motu,
3449 559 3588 635 quia
3615 557 3768 618 nihil
3793 561 3962 619 vocis
3991 577 4138 620 usus
4182 564 4372 641 impe-

650 669 877 730 diebat.
964 666 1117 728 Tres
1160 668 1338 743 igitur
1380 665 1520 727 illae
1565 673 1766 744 partes
1811 664 1911 726 hic
1958 681 2195 743 quoque
2239 666 2511 727 redeunt.
2557 697 2635 712 --

855 778 1055 856 Vulgo
1110 777 1353 855 quidem
1409 777 1560 838 duas
1604 784 1837 838 tantum
1891 785 2093 855 partes
2148 780 2214 839 in
2256 778 2741 857 hyporchematis
2786 784 3085 855 statuunt,
3131 780 3402 841 homines
3446 780 3916 860 symphoniacos
3961 789 4026 843 et
4066 800 4173 846 eos
4192 829 4209 859 ,
4272 789 4376 862 qui

650 892 829 952 simul
875 897 937 951 et
979 891 1349 952 cantaverint
1393 895 1453 950 et
1497 889 1868 950 saltaverint:
1922 896 1987 949 at
2038 893 2435 950 actuosiorem
2479 890 2782 967 quandam
2827 891 3155 953 factitatum
3197 907 3337 954 esse
3379 891 3755 954 saltationem
3801 911 4051 972 eamque
4109 897 4186 957 ab
4238 896 4375 956 aliis

653 1020 855 1080 qnam,
901 1017 1053 1081 quos
1096 1002 1276 1079 vulgo
1320 1002 1585 1072 credant,
1632 1019 1817 1078 quum
1859 1018 2077 1062 nomen
2120 1003 2319 1079 ipsum
2363 1002 2629 1062 ostendit
2671 1010 2798 1063 tum
2841 1004 3024 1064 claris
3067 1005 3267 1065 voebis
3293 1007 3495 1083 arguit
3537 1012 3776 1083 praeter
3803 1004 4175 1082 Homericos,
4225 1024 4374 1086 quos

653 1131 836 1194 supra
877 1116 1199 1186 nominavi,
1244 1114 1411 1176 locos
1454 1113 1754 1175 Lucienus
1800 1109 1842 1193 3
1895 1110 1999 1174 16:
2066 1106 2132 1171 ἐν
2177 1107 2388 1194 Δήλῳ,
2447 1115 2658 1191 inquit,
2721 1110 2869 1175 οὐδὲ
2911 1110 2975 1173 αἱ
3016 1111 3224 1175 θυσίαι
3263 1110 3407 1176 ἄνευ
3452 1111 3794 1201 ὀρχήσεως,
3825 1112 3995 1192 ,ἀλλὰ
4035 1112 4145 1178 σὺν
4186 1113 4376 1200 ταύτῃ

653 1222 749 1286 καὶ
784 1220 947 1305 μετὰ
987 1223 1283 1308 μουσικῆς
1321 1218 1650 1303 ἐγίγνοντο.
1697 1219 1930 1285 παίδων
1964 1221 2153 1307 χοροὶ
2195 1219 2594 1288 συνελθόντες
2635 1218 2733 1283 ὑπ’
2787 1220 2986 1307 αὐλῷ
3034 1223 3150 1286 καὶ
3191 1222 3471 1311 κιθάρᾳ
3529 1261 3604 1272 ——-
3667 1224 4061 1308 designantur
4105 1231 4376 1291 homines

652 1339 1095 1417 symphoniaci,
1148 1339 1360 1398 tertius
1412 1339 1593 1414 igitur
1644 1340 1707 1396 in
1759 1339 2111 1398 recensione
2154 1354 2291 1397 mea
2334 1336 2553 1398 chorus
2601 1369 2678 1382 —
2727 1334 2796 1396 οἱ
2832 1334 2976 1417 μὲν
3020 1333 3391 1424 ἐχόρευον
3438 1371 3514 1385 -
3561 1341 3673 1401 hos
3717 1342 3961 1417 quidem
4004 1345 4195 1422 primo
4239 1343 4374 1405 ioco

652 1453 855 1530 posui3
899 1450 1191 1514 habemns
1235 1449 1333 1510 hic
1378 1448 1623 1510 chorum
1666 1447 1835 1508 illum
1878 1450 2168 1511 iuvenum
2209 1451 2585 1527 virginnmve
2630 1456 2694 1509 et
2735 1450 3076 1512 saltantium
3121 1458 3180 1512 et
3226 1454 3565 1513 canentium
3614 1484 3714 1527 ·-,
3762 1447 4246 1538 ὑπωρχοῦντο
4291 1448 4375 1511 δὲ

653 1558 720 1623 οἱ
762 1557 1066 1645 ἄριστοι
1111 1554 1547 1643 ποοκριθέντες·
1585 1552 1663 1628 ἐξ
1700 1553 1907 1618 αὐτῶν
1954 1591 2029 1604 -
2079 1561 2142 1620 hi
2185 1564 2427 1640 proprie
2458 1561 2810 1641 appellandi
2852 1569 3028 1666 sunt.
3058 1565 3138 1624 sit
3167 1566 3344 1625 venia
3371 1564 3669 1626 vocabulo
3705 1572 3949 1640 novato,
3997 1560 4376 1650 ὑπορχησταὶ

652 1677 953 1751 iidemque
995 1681 1134 1736 sunt
1175 1674 1480 1736 Homerici
1518 1672 1611 1732 illi
1653 1665 2095 1754 κυβιστητῆρες
2150 1702 2228 1716 -
2286 1673 2487 1750 Atque
2531 1677 2624 1736 sie
2667 1673 2909 1751 quidem
2963 1675 3459 1754 hyporchemata,
3504 1694 3624 1738 non
3668 1677 3790 1737 alia
3833 1676 4138 1753 quaelibet
4175 1678 4374 1754 poesis

654 1788 905 1850 melicae
958 1802 1180 1864 genera
1233 1791 1576 1863 comparata
1634 1784 1821 1843 fuisse
1874 1785 2096 1845 diserte
2154 1784 2506 1846 testificatur
2566 1787 2728 1847 idem
2768 1786 3075 1848 Lucianns
3088 1833 3103 1861 ,
3167 1791 3364 1867 pergit
3428 1790 3588 1849 onim
3641 1789 3833 1850 illico:
3907 1783 3986 1847 τὰ
4050 1783 4196 1867 γοῦν
4248 1783 4382 1850 τοῖς·

602 1939 607 1948 =
646 1896 874 1985 χοροῖς
916 1894 1281 1980 γραφόμενα
1324 1891 1556 1962 τούτοις
1597 1885 1847 1979 ᾄσματα
1889 1889 1927 1952 ὑ
1942 1913 2035 1956 πο
2046 1914 2092 1977 ρ
2099 1914 2150 1978 χ
2164 1890 2205 1977 η’
2215 1915 2266 1975 μ
2282 1914 2324 1955 α
2339 1913 2427 1955 τα
2469 1891 2740 1957 ἐκαλεῖτο
2785 1894 2883 1958 καὶ
2926 1893 3312 1982 ἐμπέπληστο
3356 1897 3480 1959 τῶν
3521 1894 3811 1959 τοιούτων
3851 1896 3894 1982 ἡ
3940 1895 4117 1981 λύρα

860 2011 931 2073 ln
977 2010 1339 2072 carminibus
1381 2009 1923 2089 hyporehemaucis
1967 2025 2009 2068 a
2049 2010 2240 2086 primo
2284 2008 2389 2070 illo
2432 2026 2523 2082 ac,
2571 2017 2862 2087 quantum
2912 2011 3210 2090 probabili
3266 2013 3611 2090 conjectura
3652 2014 3900 2090 assequi
3924 2013 4097 2084 licet,
4151 2014 4376 2072 maiore

656 2123 837 2185 choro
900 2123 1233 2184 decantatis
1247 2167 1262 2193 ,
1335 2136 1725 2199 quascunque
1786 2126 1969 2198 poeta
2019 2136 2116 2180 res
2170 2120 2622 2194 nobilitaverat,
2689 2137 2825 2196 eas,
2889 2126 2943 2183 si
2995 2124 3177 2185 modo
3230 2124 3614 2201 aliquatenus
3676 2131 3955 2204 poterant
4007 2123 4372 2197 adumbrari,

654 2235 1109 2313 gesticulatione
1152 2233 1491 2294 indicarunt
1533 2233 1631 2296 vel
1674 2234 2003 2293 imitatione
2047 2231 2420 2294 illustrarunt
2461 2234 2563 2293 vel
2605 2249 2821 2312 reapse
2863 2238 2927 2295 in
2972 2243 3303 2314 conspectu
3343 2244 3676 2315 pos-erunt
3717 2235 4148 2297 subsaltatores
4193 2234 4376 2297 choro

653 2348 740 2408 illi
784 2347 1123 2418 adstantes,
1170 2359 1417 2423 quorum
1462 2344 1715 2411 artificia
1758 2344 1910 2405 adeo
1950 2351 2365 2406 consummata
2405 2352 2574 2420 sunt,
2619 2352 2691 2405 nt
2730 2346 2807 2407 ab
2850 2346 3167 2410 Athenaeo
3211 2345 3291 2427 (Ι.
3324 2366 3386 2426 p.
3427 2345 3502 2408 15
3532 2345 3623 2426 D)
3667 2351 4015 2408 laetaretur:
4059 2343 4102 2429 ἡ
4131 2341 4377 2430 τοιαύτη

652 2453 907 2543 ὄρχησίς
946 2454 1074 2518 ἐστι
1114 2451 1363 2540 μίμησις
1403 2452 1528 2517 τῶν
1570 2451 1689 2516 ὑπὸ
1732 2454 1843 2538 τῆς
1881 2450 2114 2524 λέξεως
2154 2450 2660 2540 ἑρμηνευομένων
2703 2454 3086 2539 πραγμάτων
3130 2456 3268 2538 (cfr.
3300 2477 3438 2538 cap.
3468 2459 3518 2520 1.
3551 2456 3754 2538 exim).
3835 2460 3889 2520 Ii
3919 2460 4157 2537 quidem
4188 2467 4376 2522 artem

655 2572 1020 2634 saltatoriam
1076 2569 1531 2649 profitebantur:
1600 2568 1849 2632 chorum
1902 2576 2115 2631 eontra
2128 2615 2142 2643 ,
2199 2573 2423 2648 pariter
2477 2587 2554 2631 ac
2608 2570 2818 2631 choros
2872 2573 3134 2648 tragicos
3151 2618 3166 2647 ,
3235 2573 3494 2633 comicos
3507 2618 3522 2646 ,
3583 2572 3734 2633 alios
3747 2617 3761 2644 ,
3820 2571 4160 2633 efficiebant
4212 2575 4376 2634 cives

565 2703 573 2709 ·
653 2682 889 2756 Graeci,
936 2685 1042 2760 qui
1083 2683 1274 2760 magis
1317 2683 1592 2743 minusve
1636 2689 1892 2754 tantam,
1952 2687 2237 2758 quantum
2280 2689 2446 2742 esset
2502 2682 2768 2743 liberalis
2821 2684 3085 2743 omnium
3135 2681 3502 2744 Graecorum
3556 2683 3934 2757 eruditionis,
3989 2688 4055 2745 in
4099 2685 4376 2746 saltando

657 2801 1181 2872 consequerentur.
1270 2794 1341 2854 In
1385 2796 1584 2873 priore
1622 2793 1762 2856 loeo
1804 2811 2115 2871 nunquam
2154 2811 2277 2855 non
2319 2769 2698 2856 habebantur
2725 2793 3039 2855 saltatores
3069 2794 3176 2868 illi,
3225 2796 3327 2872 qui
3357 2795 3560 2856 dilecti
3592 2801 3775 2869 erant,
3826 2798 4102 2874 quamvis
4125 2815 4377 2858 numero

656 2911 835 2987 pauci
882 2913 1111 2977 essent,
1169 2923 1289 2967 non
1335 2905 1577 2967 chorus:
1643 2907 1719 2967 ab
1772 2907 1986 2968 nedem
2029 2912 2098 2965 ut
2138 2907 2406 2979 indoles,
2453 2908 2543 2967 sic
2585 2921 2806 2966 nomen
2846 2911 3032 2968 totius
3077 2909 3313 2983 generis
3357 2913 3616 2967 tractum
3663 2913 3785 2979 est,
3834 2909 4158 2969 eorundem
4201 2911 4377 2970 affice

655 3021 780 3081 tere
834 3019 1089 3081 habetur
1142 3020 1295 3078 ratio
1309 3061 1325 3091 ,
1383 3020 1438 3080 si
1488 3016 2150 3097 hyporehematieamm
2208 3017 2594 3080 saltationum
2650 3017 2813 3095 apud
2867 3024 3139 3078 veterum
3189 3019 3510 3096 scriptores
3555 3020 3779 3080 mentio
3823 3019 3916 3092 fit,
3972 3021 4164 3081 veluti
4216 3021 4376 3098 apud

656 3131 873 3192 Athen.
918 3128 1263 3221 XIV..pag.
1312 3125 1441 3191 628
1483 3130 1562 3191 D.
1608 3131 1687 3191 ib.
1736 3127 1862 3192 630
1908 3124 2075 3210 1⁴:¹⁶).
2153 3129 2305 3190 Item
2348 3130 2512 3209 apud
2557 3130 2713 3190 Plut.
2763 3135 2993 3206 quaest.
3041 3131 3276 3190 conviv.
3317 3128 3430 3190 IX.
3486 3128 3581 3191 15.
3633 3149 3684 3191 c.
3734 3127 3774 3189 2
3818 3126 3995 3208 311,
4065 3135 4167 3206 qni
4211 3130 4387 3190 locus

655 3244 926 3322 improbe
955 3242 1320 3320 depravatus
1351 3248 1462 3313 est,
1510 3236 1616 3325 τὴν
1655 3235 1772 3321 μὲν
1815 3234 2128 3326 ὄρχησιν
2170 3234 2343 3316 εἶναι,
2385 3248 2452 3302 ut
2481 3243 2569 3302 ait
2595 3228 2933 3302 Simonides
2964 3241 3137 3314 Ceus,
3169 3247 3377 3302 auctor
3405 3257 3550 3300 sane
3579 3240 4104 3320 locupletissimus,
4150 3234 4381 3324 ποίησιν

656 3350 1023 3428 σιωπῶσαν,
1088 3348 1196 3435 τὴν
1250 3348 1324 3412 δὲ
1380 3347 1608 3435 ποίησιν
1673 3347 1847 3412 πάλιν
1908 3344 2163 3438 ὄρχησιν
2218 3346 2655 3436 φθεγγομένην
2705 3347 2826 3412 κτλ.
2850 3345 2952 3431 17).
3060 3352 3250 3413 Paulo
3292 3359 3432 3430 post
3491 3369 3672 3427 qnam
3732 3352 3898 3413 locos
3961 3351 4286 3415 nonnanes
4341 3371 4380 3414 e

656 3465 1016 3530 Simonideis
1068 3464 1552 3543 hyporcbematis
1605 3471 2006 3544 excerpserat,
2072 3468 2270 3545 pergit
2320 3465 2675 3526 Plutarchus
2720 3459 2793 3545 (S
2846 3461 2981 3542 ioJ:
3052 3464 3226 3539 ‘haec
3281 3465 3546 3524 carmina
3599 3460 3767 3543 (scil.
3822 3462 4381 3544 hyperehematica)

659 3584 988 3658 provocant
1050 3577 1240 3656 pedes
1294 3592 1627 3653 manusque
1683 3583 1865 3654 atque
1918 3577 2073 3640 adeo
2128 3563 2317 3639 totam
2373 3591 2592 3655 corpus
2645 3578 2821 3652 quasi
2876 3575 3154 3638 funiculis
3207 3575 3570 3652 quibusdam
3622 3582 3803 3636 cantu
3857 3593 3972 3638 suo
4024 3576 4267 3637 trahnnt
4321 3582 4384 3636 et

659 3692 992 3764 intendunt,
1037 3692 1125 3750 ita
1168 3695 1235 3749 ut
1276 3688 1371 3749 his
1414 3692 1680 3749 recitatis
1735 3680 2109 3767 cantatisque
2154 3667 2463 3765 quiescere
2495 3693 2557 3747 et
2600 3690 2901 3747 continere
2932 3705 2997 3747 se
3042 3690 3145 3746 vix
3190 3686 3412 3764 queat.’
3487 3686 3718 3763 Neque,
3764 3690 3818 3747 si
3862 3705 4005 3747 vere
4035 3686 4382 3746 Athenaeus

661 3800 1250 3881 hyporchematicam
1308 3801 1682 3861 saltationem
1746 3818 1879 3861 esse
1947 3800 2266 3860 verborum
2326 3801 2700 3860 imitatu-icem
2759 3802 3180 3878 interpretatus
3242 3804 3363 3871 est,
3432 3799 3681 3859 dubium
3742 3815 3875 3860 esse
3934 3803 4137 3877 potest
4156 3843 4171 3870 ,
4240 3798 4382 3874 quin

661 3916 975 3993 imaginem
1021 3932 1176 3992 quae
1217 3913 1701 3992 hyporchematis
1746 3912 1955 3973 crebro
2000 3911 2522 3991 deprehenduntur
2565 3913 2841 3984 insertae,
2888 3909 3082 3970 veluti
3119 3909 3327 3988 quales
3369 3910 3724 3972 Plutarchus
3766 3912 3809 3970 l.
3856 3929 3907 3972 c.
3925 3905 4010 3989 18)
4061 3911 4384 3970 memoriae

650 4027 972 4110 ,commode
1021 4026 1267 4087 tradidit
1310 4027 1477 4086 canis
1506 4023 1837 4101 Amyclaei,
1884 4024 2024 4100 eqni
2069 4022 2279 4082 celeris
2297 4067 2314 4097 ,
2363 4024 2530 4082 canis
2569 4039 2814 4082 cervam
2857 4024 3130 4082 venantis
3176 4023 3274 4082 vel
3316 4021 3511 4081 simile
3569 4022 3741 4098 quid,
3801 4021 4295 4082 adumbrarentur
4348 4037 4386 4079 a

664 4139 1047 4200 saltatoribus
1106 4144 1168 4197 et
1220 4135 1659 4196 illustrarentur
1671 4129 1775 4214 ¹⁹).
1864 4133 1956 4197 Ne
2012 4134 2211 4212 plura,
2272 4140 2506 4194 constat
2562 4151 2600 4193 a
2641 4115 2892 4194 Platone
2937 4134 3193 4194 divisam
3238 4149 3371 4193 esse
3417 4133 3796 4194 saltationem
3840 4150 4075 4194 omnem
4119 4135 4182 4194 in
4233 4130 4386 4192 duas

664 4258 896 4330 partes;
949 4268 1101 4323 una,
1158 4266 1314 4326 quae
1366 4250 1446 4308 sit
1495 4249 1760 4320 mimica,
1822 4248 2073 4325 exprimi
2124 4263 2198 4307 ac
2252 4247 2690 4325 repraesentari
2742 4251 3055 4324 poetarum
3107 4247 3400 4320 earmina,
3447 4248 3534 4304 ita
3575 4252 3774 4305 tamen
3818 4252 3886 4305 ut
3927 4246 4273 4307 liberalitati
4326 4250 4388 4302 et

878 4437 960 4518 ¹⁵)
1004 4445 1155 4500 Haec
1199 4458 1368 4499 causa
1409 4443 1612 4496 mirum
1656 4448 1922 4512 quantum
1965 4441 2168 4495 similis
2214 4447 2296 4495 est
2338 4442 2422 4508 ei,
2493 4455 2608 4511 qua
2661 4440 2911 4495 Luciano
2967 4448 3191 4496 auctore
3251 4431 3327 4513 (S
3373 4432 3486 4513 30)
3545 4440 3750 4497 factum
3796 4440 3870 4495 sit
3919 4465 3993 4478 --
4051 4430 4125 4492 τὸ
4168 4427 4386 4513 ἆσθμα

670 4522 777 4608 τὴν
822 4516 997 4607 ᾠδὴν
1037 4513 1444 4605 ἐπεὶάραττεν
1488 4518 1615 4600 (cfr.
1649 4544 1776 4600 pag.
1812 4520 1885 4602 4)
1933 4553 2010 4564 —
2060 4534 2121 4581 ut
2164 4534 2355 4582 cantus
2400 4541 2468 4581 ac
2501 4527 2725 4582 saltatio
2756 4525 2829 4582 ab
2872 4526 3076 4581 iisdem
3105 4527 3430 4582 horninibus
3460 4526 3699 4583 factitari
3730 4527 4069 4581 desinerent:
4115 4525 4390 4580 facillima

669 4625 751 4671 est
794 4617 1042 4688 suspicio
1088 4616 1398 4672 Lucianum
1442 4622 1504 4668 ut
1546 4615 1596 4668 si
1640 4629 1753 4669 non
1798 4611 2085 4682 omnibus,
2139 4619 2196 4668 at
2240 4613 2429 4668 multis
2474 4618 2622 4668 certe
2667 4612 2810 4667 locis
2854 4613 3016 4668 illius
3058 4612 3196 4668 libri
3239 4613 3628 4683 perstrinxisse
3671 4627 3758 4667 res
3800 4611 4073 4667 Romanas
4091 4652 4108 4680 ,
4153 4612 4236 4667 sic
4279 4611 4388 4666 hoc

672 4702 801 4757 loco
847 4704 1158 4774 respexisse
1202 4703 1278 4757 ad
1319 4702 1616 4770 Romanos,
1675 4715 1790 4755 non
1843 4699 1920 4755 ad
1962 4700 2203 4756 Graecos
2248 4699 2496 4769 ideoque
2540 4698 2766 4754 Livium
2809 4698 2994 4770 ipsum
3040 4707 3167 4754 ante
3212 4700 3411 4755 oculos
3455 4699 3743 4753 habuisse.

883 4780 967 4862 ¹⁸)
1008 4789 1111 4845 cfr.
1158 4788 1286 4844 Chr.
1332 4787 1491 4853 Muff,
1538 4787 1697 4856 ‘aber
1740 4787 1798 4842 d.
1845 4787 2083 4855 Vortrag
2126 4785 2185 4839 d.
2233 4786 2566 4841 chorischen
2610 4785 2864 4840 Partieen
2911 4786 3005 4839 bei
3047 4779 3475 4856 Aristophanes’
3520 4800 3648 4855 pag.
3705 4775 3844 4840 131.
4007 4821 4016 4828 -

883 4866 965 4947 ²⁷)
1011 4875 1109 4929 cfr.
1157 4872 1568 4930 Schneidewin.
1615 4874 1825 4928 Simon.
1874 4872 1975 4927 Cei
2016 4885 2184 4927 carm.
2230 4871 2394 4941 reliq.
2440 4866 2515 4925 ad
2565 4873 2713 4926 hune
2755 4871 2942 4928 locum
2985 4880 3044 4926 et
3074 4872 3412 4938 Steinmnn,
3456 4870 3744 4940 Petropoli
3789 4862 3974 4926 1845.

883 4952 967 5031 ¹⁸)
1013 4959 1208 5029 Bergk.
1257 4959 1317 5015 C.
1362 4966 1512 5031 poet.
1562 4960 1670 5029 lyr.
1720 4959 1816 5015 Gr.
1864 4948 2033 5030 (edit.
2080 4948 2211 5030 111.)
2252 4957 2463 5012 Sinon.
2512 4949 2618 5013 29.
2668 4948 2770 5013 30.
2819 4949 2920 5012 31.

884 5035 969 5118 1⁹)
1009 5045 1285 5113 Forsitan,
1331 5046 1381 5100 si
1425 5044 1699 5100 audacius
1743 5044 1973 5116 quidem
2016 5044 2293 5114 suspicari
2336 5044 2491 5111 licet,
2537 5044 2859 5098 saltatorum
2888 5043 3115 5099 habitus
3144 5045 3487 5115 vestituque
3513 5045 3777 5115 adaptari
3806 5043 4010 5100 soleret
4038 5042 4112 5098 ad
4141 5050 4390 5099 naturam

670 5131 1039 5202 habitumque
1084 5145 1302 5200 eorum,
1349 5132 1452 5203 qui
1494 5131 1554 5186 in
1600 5131 2054 5203 hyporchematis
2098 5131 2398 5200 primatum
2442 5136 2716 5197 tenerent,
2772 5145 2872 5186 seu
2915 5132 3030 5204 ipsi
3075 5130 3438 5187 laudarentur
3480 5146 3578 5187 seu
3621 5133 3684 5186 in
3725 5130 3924 5187 fabula
3967 5129 4393 5201 hyporcbemati

682 5218 887 5272 inserta
930 5217 1325 5274 inducerentur
1367 5224 1604 5289 agente&
2196 5223 2202 5231 “
