5034 6167
2548 315 2586 376 5

705 549 858 611 quae
904 531 1290 592 saltationum
1332 528 1559 606 figurae
1602 527 2143 606 hyporchematiois
2202 526 2563 587 carminibus
2619 530 2972 606 suppositae
3024 544 3162 588 esse
3212 528 3557 600 videantur,
3604 544 3682 586 ne
3734 526 3919 587 verbo
3974 526 4218 603 quidem
4271 541 4432 588 nunc

705 647 996 722 attingere
1037 659 1237 718 neque
1276 640 1415 700 volo
1454 656 1652 717 neque
1684 655 1957 717 possum:
2001 640 2056 698 si
2084 640 2221 715 quis
2262 638 2380 700 hac
2425 639 2524 698 de·
2544 657 2613 700 re
2656 641 2995 700 accuratim
3025 646 3085 699 et
3113 640 3336 700 clarius
3366 641 3511 716 quid
3540 638 3804 718 proferre
3842 654 3910 698 se
3937 653 4118 716 posse
4149 637 4427 708 confidat,

704 759 923 818 beatus
950 755 1053 815 ille
1082 761 1290 829 terque
1322 750 1534 812 beatus
1566 745 1948 829 habendusfl)
1992 757 2057 811 et
2082 768 2339 829 magnus
2385 757 2546 812 certe
2589 751 2736 811 mihi
2780 753 2894 811 erit
2934 749 3172 828 Apollo.
3249 751 3536 828 Quamvis
3581 751 3660 812 ab
3689 752 3835 811 viris
3879 750 4070 811 doctis
4115 750 4431 828 indagetur

706 888 778 929 ac
816 867 1270 947 pervestigetur,
1316 862 1465 923 nibil
1508 863 1672 923 aliud
1716 866 1845 924 erui
1888 881 2069 941 posse
2112 869 2258 942 puto
2305 881 2485 941 quam
2531 864 2694 940 quod
2736 863 3090 924 Aristoteles
3133 863 3211 925 ab
3258 865 3521 937 exordio,
3568 880 3747 941 quem
3794 862 3869 922 de
3913 865 4151 940 poetica
4193 858 4362 940 (cap.
4393 861 4424 920 I

709 976 750 1058 S
778 975 853 1060 6)
897 979 1155 1056 scripsit,
1199 975 1390 1037 libelli
1441 978 1779 1054 proposuit:
1846 969 1904 1032 οἳ
1954 969 2253 1061 ὀρχησταὶ
2285 970 2387 1035 διὰ
2415 974 2540 1034 τῶν
2567 967 3105 1061 σχηματιζομένων
3143 968 3413 1059 ῥυθμῶν
3450 972 3770 1056 μιμοῦνται
3813 970 3911 1033 καὶ
3952 967 4082 1057 ἤθη
4123 969 4223 1032 καὶ
4250 968 4426 1054 πάθη

708 1087 807 1150 καὶ
848 1084 1185 1172 πράξειςῗ).

911 1202 1043 1263 Iam
1085 1217 1229 1262 vero
1272 1199 1586 1261 videamus

1182 1433 1842 1544 quemadmodum
1902 1440 2200 1518 veteres
2263 1433 2674 1544 scriptores
2737 1434 3367 1519 adumbraverint
3425 1431 3975 1544 hyporchema.

911 1581 1400 1661 Hyporcbemata
1452 1583 1574 1639 iam
1631 1573 1915 1640 denotata
1969 1598 2102 1641 esse
2163 1581 2327 1659 apud
2370 1581 2700 1642 Homerum
2751 1581 3072 1643 voluerunt
3125 1589 3358 1643 veteres
3413 1583 3655 1658 quidam
3698 1583 4070 1659 grammatici
4113 1598 4308 1657 neque
4352 1583 4435 1639 ita

708 1695 962 1754 multum
983 1739 998 1769 ,
1047 1700 1332 1769 quantum
1389 1692 1666 1768 equidem
1721 1693 2011 1771 intellige,
2074 1711 2112 1752 a
2170 1711 2312 1753 vero
2359 1694 2808 1768 aberraverunt,
2869 1712 3234 1771 quamquam
3290 1695 3355 1754 id
3412 1695 3816 1774 potissimum,
3877 1695 3939 1751 in
3996 1711 4114 1770 quo
4169 1695 4433 1754 cuiusvis
4536 1709 4541 1713 ·
4600 1777 4608 1784 ·

709 1807 1074 1882 quaestionis
1119 1804 1299 1866 cardo
1343 1808 1611 1877 vertitur,
1657 1804 2050 1881 neglexerunt
2095 1823 2304 1883 parum
2349 1806 2608 1877 solliciti,
2657 1827 2802 1867 num
2845 1808 2964 1902 loci
3009 1809 3225 1886 quibus
3270 1823 3448 1865 suum
3491 1807 3788 1864 munirent
3831 1806 4076 1882 genuini
4104 1810 4305 1864 essent
4335 1822 4430 1876 au,

710 1923 775 1978 ut
830 1917 1214 1976 multifariam
1269 1925 1390 1988 est,
1451 1918 1845 1994 posteriorum
1898 1917 2389 1995 interpolatorum
2441 1918 2739 1996 figmentis
2794 1920 3104 1995 inquinati.
3204 1916 3308 1978 Sic
3361 1917 3544 1979 schol.
3591 1915 3807 1977 Venet.
3854 1916 3934 1976 ad
3976 1916 4047 1975 11.
4095 1915 4144 1976 Ι.
4194 1912 4318 1975 473
4375 1923 4436 1975 ct

566 2085 575 2092 ,
706 2028 930 2089 ibidem
984 2028 1336 2090 Eustathius
1391 2029 1686 2090 scribunt:
1755 2021 1931 2088 πέντε
1974 2024 2117 2088 εἰσιν
2169 2021 2333 2109 ᾠδαὶ
2375 2026 2548 2112 παρὰ
2603 2028 2737 2095 τοῖς
2785 2025 3009 2112 ἦριοσιε
3076 2024 3518 2110 σωφρονιστικὴ
3562 2023 3761 2107 (velut
3805 2028 3919 2089 Od.
3965 2027 4076 2087 ΠΙ.
4124 2024 4283 2106 267)
4316 2074 4331 2088 .
4367 2074 4379 2087 .
4418 2072 4432 2086 .

705 2132 1150 2222 ἐγκωμιασταὴ
1205 2137 1454 2220 (11.1Χ.
1512 2136 1664 2218 189)
1708 2186 1723 2199 .
1769 2185 1783 2198 .
1828 2187 1839 2199 .
1890 2135 2220 2223 θρηνητικὴ
2277 2138 2380 2220 (11.
2425 2142 2663 2201 XXIV.
2700 2140 2858 2220 725)
2902 2188 2915 2201 .
2961 2188 2974 2201 .
3023 2187 3035 2200 .
3083 2136 3498 2223 ὀρχηστικὴ
3556 2138 3703 2220 (Od.
3734 2138 3906 2200 VIII.
3948 2136 4106 2217 379)
4151 2184 4166 2200 .
4217 2183 4230 2197 .
4278 2186 4292 2199 .
4340 2135 4438 2197 καὶ

711 2247 987 2333 παιανικὴ
1026 2248 1216 2331 (11.1.
1261 2250 1440 2330 473).
1527 2251 1869 2312 Dilucidius
1925 2251 2168 2312 disserit
2220 2252 2568 2314 Athenaeus
2613 2252 2660 2313 1.
2708 2273 2769 2332 p.
2810 2251 2887 2315 15
2925 2252 2983 2313 D
3030 2245 3167 2312 οἶδε
3220 2247 3293 2312 δὲ
3348 2249 3385 2310 ὁ
3441 2248 3690 2338 ποιητὴς
3737 2247 3836 2310 καὶ
3887 2246 3997 2333 τὴν
4057 2246 4215 2332 πρὸς
4262 2242 4435 2333 ᾠδὴν

705 2354 958 2444 ὄρχησιν
988 2357 1135 2441 (Od.
1168 2361 1337 2422 VIII.
1374 2359 1499 2422 262
1530 2381 1620 2440 sq.
1666 2362 1740 2423 11.
1771 2361 2005 2424 XVIII.
2040 2361 2164 2423 572
2197 2360 2369 2442 sq.)‘.
2406 2410 2420 2423 .
2457 2411 2471 2425 .
2518 2359 3118 2447 ὑποσημαίνεται
3172 2359 3254 2423 δὲ
3298 2358 3375 2422 ἐν
3417 2358 3712 2454 τούτοις
3751 2361 3787 2422 ό
3831 2357 4439 2445 ὑπορχηματικὸς

707 2466 1017 2555 τρόπος,
1077 2466 1149 2537 ὃς
1199 2465 1465 2555 ἤνθησεν
1523 2469 1621 2534 ἐπὶ
1673 2468 2027 2558 Ξενοδήμου
2086 2470 2185 2533 καὶ
2233 2467 2564 2557 Πινδάρου.
2654 2476 2940 2538 Similiter
2982 2475 3286 2536 Lucianus
3339 2471 3411 2554 (1.
3459 2493 3511 2536 c.
3575 2472 3616 2554 S
3666 2471 3794 2553 13),
3856 2478 3964 2553 qui
4016 2474 4137 2536 huc
4190 2481 4437 2534 revocat

707 2581 820 2645 Od.
851 2583 1023 2644 vm.
1056 2579 1184 2644 262
1229 2591 1291 2644 ει
1332 2583 1403 2645 Il.
1436 2584 1673 2647 XVIII.
1708 2585 1852 2649 590.

911 2694 1042 2754 Iam
1087 2698 1141 2755 si
1184 2698 1545 2772 quaerimus,
1594 2699 1737 2776 quid
1781 2701 1878 2772 sit,
1927 2698 2088 2777 quod
2131 2700 2211 2758 ad
2255 2704 2523 2760 nostrum
2569 2702 2885 2762 consilium
2930 2701 3238 2762 eliciamus
3285 2719 3360 2761 ex
3401 2700 3551 2760 locis
3584 2699 3938 2772 Homericis,
3985 2700 4046 2757 in
4077 2701 4272 2777 prima
4302 2698 4435 2758 acie

705 2807 1024 2885 ponendus
1070 2812 1163 2867 est
1204 2806 1275 2866 11.
1323 2806 1559 2867 xvm.
1607 2806 1970 2884 590—606,
2019 2814 2117 2873 cui
2159 2813 2572 2873 subnectimus
2618 2812 2874 2874 Od.1V.
2929 2809 3211 2885 15—20,
3267 2813 3464 2873 locum
3519 2815 3648 2872 sine
3703 2810 3831 2870 ulla
3875 2808 4247 2870 dubitatione
4291 2809 4431 2868 sub·

709 2919 993 2979 diticium.
1098 2917 1312 2979 Statim
1365 2922 1428 2979 in
1484 2922 1619 2999 ipso
1671 2921 1876 2983 ilmine
1930 2925 2288 2985 incurrimus
2345 2926 2407 2983 in
2461 2942 2745 3002 maguam
2799 2925 3208 2985 difficultatem
3263 2924 3632 2984 dissensione
3687 2921 4046 2992 Aristarchi,
4104 2923 4276 2981 cuius
4322 2921 4435 2979 viri

710 3032 1125 3090 auctoritatem
1154 3033 1217 3089 in
1245 3030 1340 3090 bis
1368 3032 1547 3092 rebus
1569 3037 1879 3111 aspernari
1900 3036 2068 3095 nefas
2089 3040 2201 3108 est,
2233 3035 2499 3097 allatam.
2563 3036 2624 3098 Is
2654 3038 2902 3110 scilicet,
2932 3043 3002 3096 ut
3031 3038 3377 3115 accepimus
3400 3037 3477 3096 ab
3500 3034 3812 3096 Athenaeo
3833 3034 3910 3093 V.
3936 3051 4075 3112 pag.
4107 3029 4226 3093 180
4250 3032 4297 3091 C
4319 3049 4431 3109 sq.,

709 3157 785 3201 ex
829 3142 1061 3204 Cretico
1107 3141 1287 3204 choro
1332 3149 1636 3203 cantorem
1679 3148 1899 3205 exemit
1942 3146 2139 3208 deleto
2183 3148 2501 3225 utrubique
2547 3147 2664 3209 boc
2707 3148 3030 3209 versiculo:

1729 3252 1891 3336 μετὰ
1936 3252 2009 3317 δέ
2052 3275 2193 3339 σφιν
2218 3238 2534 3339 ’ἐμέλπετο
2580 3255 2758 3325 θεῖος
2795 3254 3007 3325 ἀοιδὸς

1661 3363 1980 3448 φορμίζων
1997 3389 2012 3404 ·
2060 3403 2137 3413 —-
2185 3370 2421 3453 reliqua
2462 3372 2626 3432 idem
2668 3374 2756 3433 sic
2803 3375 3179 3434 constituisse
3226 3372 3469 3432 dicitur:

1667 3475 1889 3546 πολλὸς
1924 3475 1975 3541 δ’
2011 3477 2332 3564 ἱμερόεντα
2367 3480 2568 3567 χορὸν
2611 3473 2947 3564 περιίσταθ’
2994 3478 3206 3563 ὅμιλος

1663 3587 2039 3673 τερπόμενος
2052 3590 2128 3674 8)·
2186 3589 2337 3653 δοιὼ
2382 3589 2455 3654 δὲ
2499 3589 2905 3677 κυβιστητῆρε
2948 3589 3068 3653 κατ’
3120 3588 3343 3661 αὐτοὺς

1660 3699 1905 3787 μολπῆς
1943 3699 2314 3787 ἐξάρχοντες
2328 3702 2383 3786 9)
2428 3700 2695 3766 ἐδίνευον
2738 3701 2892 3766 κατὰ
2931 3700 3216 3787 μέσσους.

710 3808 1040 3871 Oblocutus
1087 3819 1180 3872 est
1222 3816 1354 3891 ipse
1398 3814 1745 3875 Athenaeus
1789 3815 1832 3876 l.
1880 3835 1932 3878 c.
1979 3816 2241 3877 infitians
2286 3837 2344 3879 v.
2390 3839 2449 3879 v.
2498 3817 2613 3881 Od.
2654 3818 2764 3879 IV.
2804 3815 2881 3879 15
2927 3818 3026 3878 vel
3075 3817 3354 3891 17-20,
3402 3821 3502 3895 qui
3548 3821 3610 3878 in
3652 3818 4040 3879 Aristarcbea
4083 3790 4434 3877 recensione

710 3924 1125 3997 accessissent,
1175 3940 1308 3983 esse
1353 3925 1696 3986 retinendos
1737 3944 1856 3986 non
1901 3931 2096 3989 minus
2145 3949 2325 4008 quam
2369 3929 2734 4008 singularem
2791 3931 2960 3992 illum
3005 3931 3400 4000 versiculum,
3459 3948 3635 4007 quem
3682 3932 3884 3991 dicunt
3940 3930 4302 3991 inculcatum
4357 3945 4431 3986 ex

712 4032 826 4093 Od.
857 4032 1031 4094 XIII.
1066 4030 1168 4108 27,
1217 4038 1706 4115 expungendum:
1753 4038 2105 4118 suffragatus
2135 4047 2228 4101 est
2269 4043 2335 4103 F.
2371 4042 2442 4102 A.
2478 4042 2650 4103 Wolf
2686 4039 2945 4122 (proleg.
2976 4063 3039 4121 p.
3072 4040 3251 4123 263),
3298 4043 3560 4112 Nitzsch,
3607 4042 3859 4115 Bekker,
3906 4043 4027 4102 alii.
4106 4039 4435 4100 Aristarchi

711 4150 920 4205 contra
971 4149 1366 4222 patrocinium
1419 4149 1656 4209 avidius
1711 4168 1892 4226 quam
1946 4157 2293 4232 prosperius
2349 4156 2619 4232 suscepit
2660 4153 2966 4216 Fritzsche
3021 4150 3172 4234 (ind.
3234 4155 3421 4217 schol.
3469 4160 3616 4215 aest.
3661 4153 3944 4215 Rostocb.
4000 4147 4194 4230 1842)
4251 4158 4311 4212 et
4353 4150 4431 4210 ab

709 4256 922 4317 eodem
966 4259 1133 4318 stetit
1174 4259 1398 4318 Ameis.
1491 4256 1804 4338 Odysseae
1857 4262 1989 4325 loco
2034 4271 2232 4325 autem
2275 4281 2486 4326 versus
2547 4265 2636 4324 illi
2690 4284 2837 4327 num
2890 4267 3135 4327 tollendi
3189 4270 3310 4326 sint
3365 4274 3426 4326 et
3482 4265 3839 4326 excernendi
3891 4283 3969 4324 an
4021 4264 4319 4325 retinendi
4375 4269 4434 4321 et

710 4365 1087 4441 defendendi,
1147 4385 1332 4446 quum
1374 4371 1557 4432 iidem
1610 4373 1864 4436 redeant
1903 4377 1965 4434 in
2009 4377 2221 4452 Iliade,
2284 4378 2432 4436 nihil
2483 4379 2667 4437 refert
2720 4378 2800 4437 ad
2852 4381 3222 4457 propositum
3279 4376 3617 4439 consilium:
3683 4385 3952 4439 nostrum
4015 4393 4150 4436 esse
4193 4375 4434 4436 videtur

708 4473 1015 4556 indagare,
1060 4487 1263 4542 utrum
1307 4483 1638 4546 versiculus
1683 4481 1861 4565 ι,ιιετιῖι
1906 4479 1981 4545 δέ
2022 4504 2162 4568 σφιν
2205 4481 2502 4566 ἐμέλπετο
2531 4481 2710 4555 risco<
2735 4484 2948 4554 ἀοιδὸς
2971 4484 3311 4571 φορμίζων’
3350 4492 3428 4551 ab
3455 4489 3805 4552 Aristarcho
3833 4495 3999 4552 recte
4029 4489 4211 4547 eximi
4238 4487 4433 4564 possit

709 4606 919 4650 necne.
1006 4592 1207 4669 Atque
1251 4610 1363 4655 suo
1409 4595 1650 4672 quidem
1685 4597 1824 4674 jure
1852 4598 2159 4659 Fritasche
2189 4598 2342 4660 baec
2388 4602 2662 4661 extricat·
2707 4603 2782 4676 si
2809 4600 3017 4661 Iliadis
3048 4602 3246 4662 locum
3279 4602 3659 4718 Aristarchus
3689 4609 3849 4662 recte
3880 4601 4204 4670 coustituit,
4251 4596 4431 4680 plane

921 4739 978 4822 ⁶)
1022 4751 1120 4806 cfr.
1166 4753 1329 4810 Koek
1371 4754 1465 4824 ‘de
1508 4756 1771 4826 parabasi
1816 4758 2079 4829 autiquae
2122 4759 2451 4816 comoediae
2494 4761 2717 4818 Atticae
2760 4756 3088 4817 interludio’
3131 4777 3317 4833 progr.
3364 4777 3553 4832 mma.
3597 4762 3856 4818 Anclam.
3909 4751 4094 4828 1856,
4140 4773 4270 4829 pag.
4320 4751 4427 4825 113

711 4834 780 4889 Η.
827 4835 1097 4905 Schmidt,
1144 4838 1241 4892 die
1282 4791 1475 4896 ant‘ike
1520 4842 2105 4913 compositionalem,
2150 4861 2276 4915 pag.
2313 4838 2459 4902 350.
2537 4865 2542 4870 ·

920 4909 978 4994 ⁷)
1023 4922 1096 4980 de
1150 4923 1647 4996 hypotehematica
1702 4929 1999 4988 mutinae
2052 4931 2223 5000 plane
2274 4946 2343 4988 ac
2396 4932 2601 4990 diserte
2661 4933 2865 4989 Athen.
2909 4934 2954 4990 1.
3001 4949 3134 5005 pag.
3182 4926 3262 4992 15
3301 4934 3353 4989 D
3407 4934 3662 5003 explicat
3711 4948 3829 4988 esse
3886 4947 4008 4988 eam
4063 4931 4429 5026 imitationem

709 5006 1011 5076 actionum,
1058 5024 1205 5079 que
1248 5011 1434 5068 verbis
1478 5022 1845 5085 exponantur.

918 5083 977 5167 Β)
1021 5094 1116 5149 Ad
1166 5097 1468 5154 lectionem
1513 5101 1793 5171 vulgatam
1851 5091 2265 5199 τερπόμενα,
2289 5112 2353 5160 ιιι
2402 5103 2586 5160 codex
2631 5106 2878 5162 Venetus
2926 5106 2976 5161 A
3031 5106 3304 5176 suggerit,
3368 5107 3760 5176 grammaticus
3814 5099 3926 5183 τῆς
3981 5093 4197 5182 διπλῆς
4244 5110 4432 5159 notam

709 5181 975 5249 apposuit
1017 5182 1351 5253 explodens,
1398 5192 1460 5239 ut
1501 5187 1741 5255 videtur,
1784 5187 1946 5243 illam
1990 5177 2144 5246 κατὰ
2190 5178 2423 5246 σύνεσιν
2464 5197 2811 5248 monitam.

919 5257 975 5340 ⁹)
1020 5269 1265 5339 Vulgata
1308 5277 1393 5325 eat
1432 5226 1807 5350 ἐξάρχοντος
1844 5274 1969 5329 scil.
2016 5265 2125 5328 τοῦ
2169 5264 2383 5330 ἀοιδοῦ
2426 5276 2736 5348 eademque
2777 5278 2934 5333 haud
2977 5277 3152 5333 dubie
3194 5278 3614 5348 praeponenda.
