5034 6167
2319 390 2389 396 --
2478 301 2553 363 15

662 524 713 581 is
755 535 1025 599 paeanes
1076 517 1477 595 composuerit
1488 513 1527 587 ⁹,
1591 512 1780 573 facilis
1839 517 1930 572 est
1980 514 2320 572 coniectura
2373 526 2617 587 operam
2672 509 2818 567 item
2881 504 3403 583 hyporchematico
3456 505 3661 582 generi
3715 505 3976 565 dedisse.
4066 502 4249 564 Cuius
4291 506 4380 565 rei

660 634 984 710 vestigium
1027 630 1193 689 haud
1234 629 1361 688 scio
1405 644 1484 685 au
1526 625 1717 686 ullum
1758 624 1946 684 lateat
1986 627 2047 683 in
2091 623 2260 684 hisce
2305 622 2612 700 scriptoris
2653 617 2856 679 verbis
2899 614 3067 697 (cap.
3121 612 3199 676 10
3241 612 3457 694 extr.):
3524 610 3808 697 ἡρωίὶεῶν
3853 611 3976 697 γὰρ
4019 609 4379 674 ὑποθέσεων

665 739 1002 825 πράγματα
1046 734 1323 822 ἐχουσῶν
1366 732 1613 819 ποιητὴν
1654 728 1971 814 γεγονέναι
2013 730 2197 815 φασὶν
2239 728 2422 792 αὐτόν
2464 729 2558 811 (h.
2589 749 2644 793 e.
2676 724 3102 806 Xenocritmn)
3116 742 3131 757 ·
3191 723 3318 802 ιδιὸ
3362 721 3463 785 καί
3497 745 3666 791 τινας
3705 722 4140 809 διθυράμβους
4179 722 4382 786 καλεῖν

665 848 852 913 αὐτοῦ
912 848 1027 917 τὰς
1074 844 1441 914 ὑποθέσεις)
1540 846 1771 922 Quibus
1827 847 2030 906 verbis
2044 892 2059 921 ,
2128 848 2182 906 si
2238 852 2401 907 recte
2466 834 2799 922 procedunt
2816 888 2831 915 ,
2900 841 3082 900 tradit
3130 840 3485 900 Plutarchus
3547 839 3759 899 eadem
3819 842 4084 899 carmina
4139 845 4386 917 propter

665 971 1147 1044 argumentorum
1195 967 1472 1021 naturam
1526 960 1603 1019 81)
1657 960 1794 1020 aliis
1837 959 2240 1036 grammaticis
2290 961 2640 1034 nuncupata
2695 970 2832 1014 esse
2887 953 3210 1031 paeanica,
3265 952 3343 1011 ab
3385 951 3524 1011 aliis
3569 950 4025 1025 dithyrambica.
4114 951 4197 1010 At
4236 951 4386 1011 nihil

666 1078 791 1138 fere
835 1078 1054 1155 paeani
1106 1088 1418 1135 commune
1474 1077 1571 1132 est
1628 1088 1766 1131 cum
1810 1070 2213 1148 dithyramho:
2267 1069 2423 1130 haec
2477 1084 2701 1145 genera
2751 1071 2813 1125 et
2865 1065 3224 1137 numinibus,
3272 1079 3522 1139 quorum
3565 1078 3742 1122 sacra
3783 1070 3970 1136 erant,
4020 1069 4080 1123 ct
4120 1066 4384 1124 numeris

666 1196 729 1249 et
768 1188 1079 1247 harmonia
1121 1191 1184 1245 et
1224 1190 1352 1245 tota
1386 1186 1813 1263 compositione
1856 1190 1980 1242 tam
2026 1181 2287 1243 dilucide
2300 1226 2317 1254 ,
2373 1187 2440 1239 ut
2484 1184 2616 1238 erat
2658 1182 2872 1254 captus
2917 1175 3222 1235 hominum
3251 1181 3539 1247 veterum,
3587 1174 3869 1235 distincta
3897 1175 4153 1249 fuerunt,
4198 1183 4269 1235 ut
4311 1194 4386 1236 ea

548 1309 565 1325 ·
654 1303 705 1359 'a
747 1301 960 1375 quovis
1004 1298 1104 1358 vel
1146 1297 1387 1357 indocto
1429 1297 1776 1374 permisceri
1817 1297 2087 1372 potuisse
2132 1302 2238 1354 tuo
2279 1295 2410 1352 iure
2452 1290 2741 1349 infitiaris.
2829 1285 2961 1346 Iam
3003 1304 3146 1348 vero
3164 1333 3178 1360 ,
3238 1289 3291 1346 si
3350 1287 3772 1363 grammaticis,
3831 1302 3984 1362 quos
4027 1287 4385 1348 Plutarchus

666 1415 905 1470 secutura
936 1415 1048 1484 est,
1095 1408 1337 1482 accidit,
1384 1406 1544 1482 quod
1574 1408 1647 1466 im
1677 1424 1787 1483 pro
1814 1412 2169 1485 temporum,
2219 1404 2437 1481 quihus
2475 1402 2661 1460 fuisse
2690 1399 2988 1471 videntur,
3034 1400 3260 1459 ratione
3290 1398 3585 1459 accidisse
3613 1404 3780 1477 puto,
3825 1403 3893 1457 ut
3920 1397 4388 1476 hyporchemata

663 1539 775 1600 pro
818 1521 1153 1600 paeanihus
1196 1518 1616 1596 intelligerent,
1661 1520 1925 1597 perspici
1968 1518 2139 1590 licet,
2182 1516 2342 1575 unde
2387 1515 2611 1578 factum
2655 1513 2761 1583 sit,
2810 1517 2875 1569 ut
2917 1528 3114 1571 errore
3157 1510 3263 1570 illo
3305 1509 3614 1586 illaqueati
3657 1516 4018 1571 tenerentur.
4111 1510 4385 1572 Ceterum

665 1651 788 1694 non
831 1649 982 1693 sana
1041 1647 1178 1692 esse
1220 1629 1525 1691 Plutarchi
1577 1632 1765 1691 verba
1806 1631 2219 1705 unusquisque
2262 1626 2455 1696 videt3
2511 1641 2585 1684 ac
2635 1624 2851 1683 vitium
2912 1623 3155 1699 quidem
3209 1624 3473 1682 omnium
3529 1621 3654 1682 iere
3699 1624 4038 1683 criticorum
4083 1622 4388 1683 hominum

666 1745 912 1806 arbitrio
942 1744 1059 1805 sibi
1099 1744 1393 1803 contraxit
1434 1737 1852 1823 (πράγματα’,
1896 1739 2259 1801 vocabulum
2301 1755 2410 1816 per
2453 1753 2523 1796 se
2565 1734 2744 1795 valde
2787 1729 3068 1800 otiosum3
3112 1734 3410 1794 medelam
3437 1741 3639 1794 autem
3683 1734 4086 1794 felicissimam
4129 1735 4389 1795 affirma-

668 1860 856 1917 verim
912 1873 1047 1916 esse
1105 1859 1405 1933 repertam
1457 1872 1495 1912 a
1544 1852 1924 1916 Volkmanno
1978 1846 2331 1932 ιὃράματα’
2376 1848 2676 1910 scribente
2690 1840 2806 1924 ³¹):
2865 1847 3254 1906 dramaticam
3309 1849 3469 1906 enim
3526 1847 3827 1923 quandam
3882 1848 4150 1925 speciem
4206 1863 4388 1923 quum

669 1971 869 2030 omnia
910 1966 1384 2046 hyporchemata
1425 1971 1553 2025 tum
1596 1966 1858 2024 maxime
1900 1981 1977 2023 ea
2033 1980 2181 2041 prae
2223 1978 2292 2023 se
2344 1962 2643 2033 ferebant,
2693 1975 2850 2035 quae
2892 1975 2932 2017 8
2974 1959 3167 2035 poetis
3211 1961 3573 2019 novissimae
3619 1961 3834 2019 aetatis
3879 1959 4187 2020 elaborata
4229 1966 4387 2032 sunt,

668 2083 755 2140 ita
796 2087 869 2139 ut
910 2080 1087 2140 facile
1130 2078 1411 2139 confundi
1452 2081 1700 2155 possent
1741 2093 1879 2136 cum
1925 2073 2337 2152 dithyrambis,
2406 2072 2620 2148 Itaque
2661 2072 2905 2150 posteri,
2955 2073 3057 2146 qui
3098 2069 3406 2130 Plutarchi
3449 2077 3648 2131 aetate
3690 2071 3949 2147 fuerunt,
3995 2075 4388 2150 grammatici.

669 2199 737 2250 ut
797 2197 968 2250 erant
1031 2190 1343 2250 modorum
1404 2190 1769 2250 musicorum
1825 2187 2187 2248 carminibus
2245 2185 2501 2246 classica
2558 2183 2802 2259 quidem
2856 2188 3054 2242 aetate
3103 2182 3685 2244 accommodatorum
3749 2184 4115 2259 rationisque
4173 2184 4391 2261 agendi

670 2305 1049 2363 immemores
1075 2302 1177 2362 vel
1219 2302 1419 2379 potius
1462 2303 1654 2374 inscii,
1701 2302 1757 2361 si
1798 2300 1989 2361 solam
2032 2300 2325 2359 sermonis
2370 2297 2847 2368 concitationem,
2894 2311 3050 2372 quae
3092 2296 3287 2355 inerat
3329 2298 3392 2353 in
3433 2296 3567 2355 istis
3610 2297 3922 2374 poematis,
3967 2296 4388 2375 respiciebant,

674 2414 1002 2473 diiudicare
1056 2415 1161 2472 vix
1212 2418 1513 2490 poterant,
1568 2416 1768 2472 utrum
1819 2408 2308 2489 hyporchematis
2353 2424 2433 2468 an
2479 2406 2843 2482 dithyrambi
2884 2406 3073 2466 verba
3114 2406 3421 2467 haberent.
3510 2405 3611 2468 Sic
3657 2409 3849 2468 doctis
3893 2413 4134 2468 nostrae
4179 2411 4393 2469 aetatis

671 2525 1015 2585 hominihus
1071 2523 1235 2583 haud
1288 2523 1466 2584 dubie
1521 2523 1852 2595 accideret,
1906 2528 1977 2582 ut
2030 2521 2341 2593 Pratinae,
2400 2519 2560 2596 quod
2606 2524 2909 2597 superest,
2964 2519 3358 2595 fragmentum
3415 2516 3661 2597 (Bergk.
3720 2519 3786 2579 C.
3832 2519 3902 2580 L.
3949 2519 4112 2580 Prat.
4165 2517 4232 2598 1)
4285 2539 4393 2599 pro

672 2636 1106 2714 dithyrambica
1148 2634 1464 2709 ducerent,
1520 2637 1638 2696 nisi
1692 2636 1755 2695 id
1800 2633 2393 2713 hyporchematicum
2448 2648 2586 2693 esse
2640 2636 2876 2691 veteres
2928 2632 3048 2709 ipsi
3101 2630 3402 2691 docerent.
3452 2661 3530 2676 -—
3577 2631 3806 2691 Verum
3865 2631 4022 2692 haec
4065 2635 4211 2692 satis
4255 2641 4396 2692 suut

672 2750 897 2808 incerta
940 2755 1001 2808 et
1044 2748 1349 2825 ambigua·
1398 2763 1585 2823 quare
1628 2746 1706 2806 de
1748 2745 1863 2807 hoc
1905 2746 2261 2807 coniiciendi
2305 2744 2618 2806 conamine
2661 2741 2972 2803 hactenus.

876 2858 1178 2919 Floruisse
1222 2857 1810 2936 hyporchematicum
1840 2874 2030 2936 genus
2076 2857 2295 2917 dicitur
2338 2858 2520 2916 etiam
2564 2853 2751 2915 Pind
2767 2856 2880 2914 ari
2925 2861 3142 2927 aetate,
3189 2857 3293 2930 qui
3336 2856 3583 2942 fortasse
3613 2861 3933 2934 propterea
3974 2858 4053 2917 ab
4086 2857 4395 2920 Athenaeo

673 2975 1190 3042 commemoratur,
1237 2970 1397 3047 quod
1440 2971 1495 3029 is
1538 2971 1938 3048 principatum
1967 2970 2195 3030 obtinet
2221 2972 2379 3030 inter
2418 2975 2651 3048 pectas,
2701 2967 2805 3045 qui
2832 2966 3082 3042 lyricam
3125 2970 3334 3045 poesin
3363 2968 3767 3028 nobilitarunt.
3835 2967 4121 3030 Permulti
4153 2971 4394 3047 quidem

674 3089 889 3161 poetae
944 3089 1245 3142 navarunt
1298 3084 1536 3142 omnino
1596 3080 2082 3160 hyporchematis
2138 3098 2410 3160 operam,
2480 3083 2534 3140 si
2602 3080 2794 3140 credis
2849 3079 3118 3140 Luciano
3184 3080 3225 3140 l.
3285 3097 3337 3140 c.
3394 3076 3453 3158 S.
3519 3075 3597 3138 16
3656 3075 3785 3154 6καὶ
3837 3074 4223 3164 ἐμπέπληπο
4274 3081 4397 3140 τῶν

672 3188 961 3253 τοιούτων
1002 3191 1095 3273 (h.
1128 3212 1180 3255 e.
1214 3188 1699 3277 ὑπορχημάτων)
1726 3188 1769 3273 ὴ
1798 3187 1985 3274 λύρα’
2032 3189 2206 3271 (pag.
2237 3189 2311 3271 8)
2348 3194 2631 3253 scribenti
2639 3212 2655 3263 3
2698 3191 2811 3252 sed
2829 3208 2930 3251 -ex
2957 3193 3074 3252 hac
3100 3198 3413 3271 poetarum
3441 3191 3735 3264 ubertate,
3784 3209 3938 3268 quae
3968 3195 4031 3252 in
4059 3194 4394 3271 hyporche-

672 3311 900 3365 matum
958 3324 1177 3384 genere
1230 3307 1515 3367 enituisse
1566 3306 1837 3382 putanda
1890 3312 2009 3378 est,
2066 3305 2432 3384 paucissima
2489 3306 2734 3364 uomina
2774 3306 3142 3382 posteritatis
3192 3305 3513 3364 memoriae
3567 3311 3902 3382 propagata
3952 3311 4120 3364 sunt:
4177 3309 4395 3366 etenim

676 3424 914 3493 praeter
954 3417 1278 3477 Pindarum
1295 3463 1313 3491 ,
1358 3420 1463 3495 qui
1505 3434 1625 3478 non
1667 3419 1847 3476 unius
1891 3420 2126 3493 generis
2170 3417 2466 3495 angustiis
2509 3417 2818 3492 ingenium
2861 3416 3353 3494 circumscripsit,
3409 3415 3518 3475 sed
3561 3415 3686 3476 fere
3730 3433 3938 3477 omnes
3982 3420 4128 3478 artis
4171 3417 4394 3494 lyricae

675 3528 884 3588 modos
942 3535 1004 3588 ct
1042 3528 1487 3589 vicissitudines
1540 3529 1890 3608 complexus
1942 3534 2066 3602 est,
2123 3529 2239 3589 soli
2292 3528 2616 3588 laudantur
2668 3527 3045 3600 Pratinas,
3099 3524 3538 3600 Simonides,
3594 3528 4116 3605 Bacchylidem
4172 3531 4395 3590 nullius

672 3657 939 3716 unquam
967 3640 1065 3700 vel
1096 3647 1235 3700 ante
1264 3640 1364 3700 vel
1403 3646 1544 3718 post
1586 3658 1689 3702 eos
1719 3647 1935 3720 poetae
1965 3639 2474 3719 hyporchematici
2516 3639 2585 3698 fit
2612 3641 2852 3700 mentio.
2916 3638 3090 3715 Quod
3121 3642 3173 3699 si
3203 3642 3290 3699 ita
3320 3647 3431 3713 est,
3476 3640 3652 3700 facile
3696 3642 3997 3719 quispiam
4026 3642 4395 3702 contenderit

674 3751 925 3813 Luciani
976 3755 1094 3812 ista
1147 3752 1595 3821 declamatorio,
1624 3754 1761 3814 suco
1804 3752 1961 3812 ultra
2003 3754 2317 3812 veritatem
2360 3751 2510 3811 illita
2554 3765 2715 3823 esse3
2758 3750 2946 3811 nihilo
2989 3753 3187 3812 secius
3233 3769 3306 3811 ea
3350 3751 3468 3811 fide
3521 3752 3870 3829 dignissima
3914 3760 4070 3814 sunt.
4157 3755 4394 3814 Etenim

676 3863 1124 3942 Aristophanes,
1172 3864 1235 3922 id
1265 3866 1423 3940 quod
1470 3865 1625 3924 infra
1651 3864 2069 3943 intelligemus,
2113 3862 2654 3942 hyporchematicis
2685 3864 3045 3925 carminibus
3076 3863 3298 3924 additis
3327 3865 3721 3939 Lysistratam
3751 3883 3926 3927 suam
3961 3869 4270 3927 exornavit
4281 3862 4395 3945 32);

675 3976 849 4050 quid,
918 3976 1080 4053 quod
1132 3974 1462 4053 Sophocles
1518 3978 1662 4051 quin
1716 3993 1835 4035 non
1887 3976 2066 4036 modo
2118 3978 2224 4035 uni
2279 3977 2535 4036 dramati
2552 4021 2567 4046 ,
2623 3976 2732 4035 sed
2775 3975 3125 4046 identidem,
3191 3975 3380 4036 veluti
3438 3976 3657 4037 fabulis
3709 3977 3883 4038 Aiaci
3937 3974 4098 4056 (693
4117 4010 4194 4020 —
4217 3975 4394 4057 718),

675 4084 973 4163 Oedipodi
1000 4085 1153 4165 Regi
1183 4082 1695 4165 (1086-1109),
1743 4087 2075 4164 Antigonae
2122 4082 2636 4166 (1115—1154),
2683 4086 3016 4147 Trachiniis
3060 4083 3486 4166 (205—224),
3531 4087 3900 4149 Philoctetae
3946 4087 4394 4169 (om—518),

675 4198 1084 4259 interseruerit
1152 4197 1621 4276 hyporchemata
1639 4244 1653 4270 ,
1728 4197 1877 4258 nihil
1940 4201 2374 4276 controversiae
2440 4205 2564 4260 est:
2636 4198 2717 4258 ad
2790 4198 2941 4260 haec
3006 4207 3354 4261 ornamenta
3416 4203 3692 4261 acerrimi
3763 4201 3852 4260 illi
3915 4203 4059 4261 artis
4123 4204 4395 4280 poeticae

673 4312 1110 4370 existimatores
1162 4327 1283 4370 non
1336 4312 1761 4383 accessissent,
1830 4313 1885 4369 si
1937 4310 2229 4371 eiusmodi
2290 4312 2555 4370 carmina
2619 4312 2950 4370 sensissent
3004 4319 3108 4371 aut
3172 4312 3249 4372 ab
3303 4311 3535 4385 multis,
3595 4316 3699 4388 qui
3751 4320 3879 4371 tum
3939 4320 4138 4384 erant,
4202 4315 4393 4391 poetis

670 4440 790 4482 uon
852 4422 1160 4482 elaborata
1224 4437 1358 4481 esse
1418 4427 1524 4482 aut
1576 4440 1685 4500 pro
1736 4421 1950 4501 populi
2016 4421 2258 4482 arbitrio
2323 4425 2443 4480 iam
2506 4424 2915 4482 consenuisse.
3022 4424 3219 4501 Atque
3285 4426 3430 4484 satis
3489 4429 3696 4483 notum
3763 4431 3885 4498 est,
3953 4442 4132 4501 quam
4198 4428 4393 4484 tenuis

671 4533 835 4593 fama
890 4533 965 4593 de
1020 4533 1116 4593 his
1170 4537 1411 4594 omnino
1464 4534 1641 4593 rebus
1702 4535 1777 4593 ad
1842 4541 2104 4595 nostram
2161 4537 2507 4593 memoriam
2566 4534 3030 4613 percrebruerit:
3095 4535 3244 4594 nihil
3301 4553 3460 4595 nunc
3517 4538 3732 4606 scitur,
3802 4537 3995 4612 qualis
4061 4553 4158 4598 ars
4221 4539 4397 4598 fuerit

674 4661 897 4716 eorum,
942 4661 1095 4720 quos
1138 4647 1201 4705 in
1242 4644 1770 4724 hyporchematico
1825 4662 2044 4724 genere
2087 4646 2343 4705 multum
2394 4652 2668 4707 versatos
2721 4663 2856 4707 esse
2911 4652 3169 4721 constet3
3221 4663 3520 4723 nusquam
3575 4648 3740 4725 apud
3793 4654 4024 4708 veteres
4075 4652 4393 4727 scriptores

672 4755 1045 4831 designatur,
1110 4775 1266 4834 quae
1324 4757 1563 4834 singula
1614 4757 1836 4834 singuli
1891 4775 1967 4817 ex
2022 4763 2300 4833 quattuor
2317 4803 2331 4830 ,
2388 4774 2541 4834 quos
2594 4758 2774 4818 modo
2825 4761 3130 4818 nominavi
3147 4805 3161 4830 ,
3216 4763 3411 4838 poetis
3467 4763 3529 4818 in
3586 4759 3700 4819 hoc
3755 4776 3968 4837 campo
4022 4759 4393 4838 amplissimo

671 4866 1205 4928 disseminaverint.
1278 4868 1562 4928 Attamen
1591 4870 1866 4929 omnihus
1908 4870 2108 4943 rebus,
2159 4886 2313 4945 quae
2359 4869 2479 4930 huc
2522 4874 2877 4948 pertineant,
2925 4874 3283 4949 computatis
3328 4875 3666 4931 summatim
3712 4879 3965 4950 apparet
4008 4873 4121 4932 suh
4168 4876 4391 4933 exitum

815 5208 830 5223 .
879 5110 968 5196 ³¹)
1010 5123 1202 5178 Aliam
1247 5123 1567 5180 Plutarchei
1625 5125 1738 5180 loci
1796 5125 2106 5181 extricandi
2166 5127 2317 5181 viam
2362 5128 2493 5182 iniit
2535 5127 2832 5198 Bergkius,
2889 5145 3062 5199 quum
3119 5115 3468 5198 ‘noadaia'
3521 5135 3650 5199 post
3692 5118 4069 5206 (πράγματα’
4115 5131 4392 5186 excidisse

678 5215 1237 5367 ⁸¹¹⁸Pl“gznullrysistr.
1295 5287 1764 5366 1247—12723
1830 5290 2312 5366 1279-12493
2376 5292 2837 5356 1296—1320.
2927 5300 3191 5354 Eiusdem
3237 5300 3523 5371 Aristoph.
3571 5302 3974 5374 Thesmophor.
4011 5296 4137 5359 953
4170 5319 4292 5375 sqq.
4340 5314 4395 5358 et

671 5379 883 5436 Eccles.
939 5377 1102 5439 1167
1147 5399 1270 5454 sqq.
1319 5384 1378 5436 iu
1433 5383 1929 5454 hyporchematum
1974 5400 2202 5440 numero
2248 5385 2564 5442 referendos
2612 5401 2730 5441 me
2761 5386 2926 5442 docet
2966 5386 3122 5442 Muff.
3169 5376 3244 5458 (1.
3292 5403 3341 5442 c.
3389 5402 3514 5458 pag.
3563 5378 3646 5442 23
3694 5395 3748 5443 et
3792 5381 3906 5457 243
3957 5380 4130 5463 132).
