5034 6167
2505 272 2583 336 10

688 477 899 544 teneri.
991 481 1239 542 Homeri
1268 486 1428 542 certe
1460 471 1878 542 auctoritatem
1908 486 2152 540 secutus
2193 485 2285 539 est
2313 479 2720 541 Callimachus
2752 481 3127 542 doctissimus
3156 481 3257 541 ille
3302 487 3501 559 poeta,
3550 484 3651 559 qni
3697 479 3930 562 (hymn.
3971 487 4038 542 in
4081 485 4217 545 Del.
4252 482 4411 564 312)

689 592 860 653 tinxit
913 593 1216 656 Theseum
1284 586 1572 674 γέρανον,
1635 591 1803 651 haud
1859 590 2041 652 dubie
2104 589 2700 670 hyporchematicum
2766 593 3069 672 quoddam
3133 609 3352 671 genus,
3422 588 3561 674 περὶ
3617 588 3842 675 βωμὸν
3908 589 4408 677 ἐγειρομένου

689 700 1156 786 κιθαρισμοῦ
1200 705 1518 766 saltantem
1560 699 1695 783 (cfr.
1741 702 1900 763 Plut.
1949 702 2131 766 Thes.
2180 699 2313 784 21).
2366 737 2441 748 -
2489 705 2712 766 Postea
2753 721 2900 766 vero
2942 706 3402 777 tibicinium,
3462 721 3649 783 quum
3701 708 3864 784 apud
3907 705 4173 770 Graecos
4216 711 4408 788 magis

688 819 1000 895 magisque
1043 817 1418 889 invaluisset,
1463 814 1947 893 hyporehematis
1992 815 2374 878 concssiatum
2420 823 2510 878 est
2551 818 2736 894 idque
2780 816 2950 877 brevi
2993 819 3276 895 temporis
3321 817 3515 895 spatio
3559 820 3838 894 pervenit
3867 824 3944 878 ad
3987 821 4407 898 principatum.

688 927 982 989 Nimirum
1025 930 1270 1006 contigit
1313 929 1427 988 arti
1469 926 2051 1006 hyporchematicae,
2099 933 2166 989 ut
2211 945 2284 988 ea
2327 929 2464 1006 ipsa
2493 936 2710 1002 aetate,
2758 946 2878 1005 qua
2920 928 3127 990 dicunt
3167 931 3566 988 instauratum
3596 945 3731 990 esse
3775 930 4107 991 secundum
4149 934 4414 996 musicae

688 1040 852 1120 apud
894 1040 1405 1101 Lacedaemonios
1451 1046 1688 1113 statum,
1736 1057 1878 1118 ergo
1923 1040 2134 1101 eadem
2180 1057 2300 1117 qua
2344 1057 2442 1100 ars
2487 1040 2677 1101 tibina
2721 1030 2899 1100 simul
2942 1058 3080 1101 cum
3122 1041 3407 1102 universa
3449 1043 3627 1119 poesi*
3668 1039 3906 1103 chorica
3950 1044 4117 1121 apud
4145 1042 4411 1105 Graecos

687 1155 904 1214 mirum
948 1159 1239 1230 quantum
1284 1151 1647 1231 amplificata
1691 1158 1799 1226 est,
1849 1169 1902 1211 a‘
1929 1153 2145 1229 poetis,
2194 1154 2296 1229 qui
2340 1160 2466 1212 tum
2513 1159 2700 1226 erant,
2750 1155 3020 1213 certatim
3065 1153 3461 1225 excoleretur3
3506 1170 3629 1213 non
3673 1154 3807 1216 dico
3851 1161 4064 1233 poetas
4106 1155 4241 1216 illos
4284 1161 4412 1215 tum

696 1265 934 1325 demum
977 1263 1386 1343 hyporchema
1429 1281 1504 1324 ex
1548 1270 1802 1341 angusto
1847 1263 2211 1324 Creticarum
2253 1265 2491 1325 urbium
2535 1281 2653 1324 usu
2696 1266 3009 1334 exemisse,
3066 1265 3176 1324 scd
3219 1263 3283 1323 id
3326 1265 3458 1325 dico
3500 1266 3854 1343 iampridem
3899 1273 4243 1345 exemptum
4285 1274 4410 1327 tum

689 1379 1037 1457 provexisse
1080 1379 1143 1437 in
1187 1394 1501 1439 commune
1546 1373 1911 1437 Graecorum
1954 1377 2393 1436 commercium.
2481 1376 2750 1453 Utraque
2795 1391 2913 1449 ars,
2961 1382 3021 1435 et
3063 1375 3588 1454 hyporchematica
3632 1384 3692 1437 et
3735 1377 3945 1452 tibina‚
3990 1379 4053 1439 id
4100 1379 4413 1439 dumtaxat

689 1492 976 1568 temporis
1019 1493 1111 1550 uti
1152 1495 1361 1549 mutua
1406 1489 1665 1566 quadam
1711 1489 2030 1550 coniuncta
2071 1487 2511 1548 necessitudine
2531 1534 2546 1561 ,
2608 1490 2698 1548 sic
2741 1494 2947 1549 mutuo
2990 1492 3214 1549 nutrita
3257 1495 3350 1550 est
3393 1489 3674 1567 impulsu.
3767 1487 3966 1563 Quare
4009 1509 4131 1552 non
4173 1493 4405 1561 mirum,

691 1602 851 1680 quod
892 1604 1031 1681 ipsa
1075 1606 1202 1662 arte
1245 1600 1558 1661 auloedica
1600 1600 1990 1661 nobilitantur
2033 1601 2451 1675 antiquissimi,
2500 1617 2651 1677 quos
2692 1603 2992 1674 novimus,
3037 1612 3251 1678 poetae
3293 1599 3821 1678 hyporchematici.
3905 1602 4105 1678 Atque
4147 1603 4410 1679 profecto

691 1715 934 1791 quidem
984 1714 1169 1775 tibiae
1223 1712 1578 1773 multisonae
1633 1711 1876 1772 citharis
1892 1756 1907 1784 ‚
1975 1713 2030 1771 si
2088 1712 2232 1790 quid
2285 1712 2489 1784 video,
2545 1712 2732 1772 multo
2784 1713 3047 1790 aptiores
3103 1718 3273 1772 erant
3289 1757 3304 1786 ,
3364 1730 3517 1791 quae
3572 1712 4107 1791 hyporchematnm
4152 1713 4411 1792 tripudio

690 1825 1196 1888 turbulentissimo
1251 1826 1659 1886 succinerent:
1725 1840 1922 1900 neque
1977 1825 2135 1883 enim
2194 1825 2341 1884 satis
2394 1841 2661 1903 congrua
2715 1830 2809 1885 est
2859 1823 3393 1902 hyporchematum
3445 1825 3775 1885 incitationi
3838 1826 4183 1902 lyr-istarum
4235 1825 4415 1886 Musa

690 1944 1030 2009 mansueta,
1085 1955 1239 2015 qnae
1283 1937 1362 1997 ab
1406 1937 1587 1996 nimio
1632 1937 1815 1994 animi
1859 1938 2091 2013 impetn
2133 1935 2469 2009 abhorreat,
2517 1943 2580 1998 et
2619 1936 2872 1996 aliarum
2916 1953 3155 2014 quoque
3199 1937 3625 1996 exsultantium
3669 1941 3973 1998 actionum
4014 1940 4414 1998 mimicamm-

692 2068 810 2128 qne
854 2049 1237 2111 saltationum
1282 2048 1513 2108 indoles
1557 2048 1734 2107 tibias
1794 2046 1946 2107 solet
1988 2049 2158 2107 tueri.
2239 2048 2415 2110 Unde
2459 2048 2685 2109 sactum
2729 2052 2839 2122 est,
2885 2053 2956 2132 ut
2995 2047 3097 2107 vel
3140 2053 3485 2125 separatum
3528 2049 3833 2127 quoddam
3875 2049 4156 2109 tibiarum
4200 2065 4411 2126 genus,

692 2162 853 2239 quod
906 2155 1276 2220 δακτυλικῶν
1342 2158 1522 2239 (Poll.
1580 2157 1687 2219 IV.
1745 2154 1862 2237 82)
1929 2158 2029 2219 vel
2082 2152 2476 2241 ἐμβατηρίων
2542 2157 2717 2238 (ibid.
2780 2156 2890 2239 10)
2940 2162 3187 2221 nomina
3247 2160 3552 2236 gestabat,
3620 2160 4103 2238 hyporchematis
4171 2161 4412 2238 saepius

690 2273 884 2333 inflari
926 2272 1166 2333 soleret.
1216 2305 1295 2315 —
1341 2271 1457 2333 Illa
1486 2272 1730 2348 quidem
1773 2276 1968 2332 aetate
1988 2315 2003 2344 ,
2063 2288 2183 2347 qua
2221 2269 2590 2334 Graecorum
2631 2278 2791 2332 artes
2834 2271 3189 2348 litteraeque
3221 2271 3303 2331 ad
3331 2287 3627 2332 summam
3656 2274 4081 2351 perfectionem
4125 2288 4415 2351 pervene-

691 2392 850 2458 rant,
895 2387 949 2445 si
991 2402 1112 2445 non
1156 2402 1279 2445 nna
1321 2385 1714 2462 imperitavit,
1758 2389 1824 2444 at
1866 2389 2027 2444 certe
2069 2382 2410 2460 praevaluit
2452 2385 2601 2444 tibia
2644 2385 2709 2442 in
2753 2389 2881 2443 arte
2923 2382 3469 2461 hyporchematica.
3560 2382 3755 2459 Quam
3799 2387 4045 2445 nimiam
4086 2386 4415 2462 potentiam

692 2497 1137 2575 angustioribus
1187 2496 1475 2557 limitibus
1520 2495 2123 2557 circumscribendam
2168 2510 2305 2556 esse
2350 2497 2584 2556 censuit
2624 2496 2901 2556 Pratinas
2943 2495 3245 2556 Phliasius
3291 2492 3538 2574 (Bergk.
3586 2495 3653 2558 C.
3699 2496 3770 2556 L.
3817 2498 3987 2573 srgm.
4044 2493 4110 2573 1)
4123 2511 4140 2572 3
4197 2495 4415 2555 diserte

693 2608 1078 2687 compellavit
1127 2608 1233 2670 ille
1290 2606 1790 2685 dithyrambicam
1832 2609 2121 2668 rationem
2137 2651 2151 2680 ,
2206 2607 2315 2668 sed
2369 2607 2622 2668 aliorum
2676 2610 2858 2669 etiam
2916 2624 3203 2685 generum
3254 2607 3519 2668 studium
3562 2609 3813 2670 tibicinii
3859 2610 4136 2685 quamvis
4177 2608 4416 2668 silentio

691 2723 1053 2800 perstrinxit,
1100 2719 1572 2798 hyporchemata
1616 2725 1777 2780 certe
1822 2721 2157 2792 denotavit,
2216 2722 2439 2798 quippe
2484 2736 2672 2796 quum
2715 2722 2779 2780 in
2832 2722 2965 2798 ipso
3022 2719 3489 2798 hyporchemate
3533 2738 3762 2782 morem
3805 2721 4039 2781 illorum
4084 2726 4413 2799 poetarum,

695 2849 846 2910 quos
890 2834 1146 2912 carpsit,
1201 2838 1443 2893 secutus
1491 2833 1739 2893 crimina
1781 2834 1900 2892 ista
1940 2833 2191 2892 iactaret
2233 2835 2297 2891 in
2355 2832 2540 2893 tibiae
2586 2838 2847 2893 cantum.
2937 2831 3148 2910 Neque
3200 2841 3401 2894 tamen
3416 2879 3430 2905 ,
3487 2835 3722 2896 etiamsi
3776 2833 4013 2893 auletae
4066 2832 4418 2893 insolentius

695 2962 757 3006 se
804 2945 1077 3006 efferrent
1121 2945 1558 3023 superbiusque
1600 2947 1981 3018 iactarentur,
2028 2945 2167 3003 usui
2212 2942 2476 3003 citharae
2520 2949 2652 3004 tum
2693 2960 2939 3022 prorsus
2984 2946 3363 3007 interdictum
3410 2952 3531 3006 est:
3587 2945 3764 3006 claris
3808 2945 4010 3005 verbIs
4055 2945 4420 3005 demonstrat

694 3055 1003 3117 Lucianus
1054 3057 1318 3118 scribens
1361 3052 1434 3135 (S
1484 3049 1597 3133 16)
1642 3048 1707 3113 ἐν
1751 3047 1931 3135 Δήλῳ
1986 3049 2061 3112 δέ
2107 3073 2181 3133 γε
2222 3048 2546 3114 ...παίδων
2590 3052 2777 3140 χοροὶ
2820 3049 3217 3122 συνελθόντες
3266 3051 3369 3117 671³
3433 3052 3640 3138 αὐλῷ
3686 3053 3809 3118 καὶ
3862 3049 4144 3138 κιθάρᾳ
4195 3052 4254 3114 οἱ
4299 3052 4418 3135 μὲν

695 3162 992 3252 ἐχόρευον
1035 3163 1140 3226 κτλ
1183 3164 1319 3247 (cfr.
1363 3184 1503 3245 pag.
1549 3161 1644 3241 8).
1695 3196 1772 3209 -·
1819 3166 1903 3228 Ut
1944 3164 2115 3226 brevi
2159 3167 2373 3242 dicam,
2443 3184 2563 3244 quo
2609 3167 2787 3229 modo
2831 3167 3366 3247 hyporchematum
3408 3183 3505 3230 res
3550 3169 3978 3248 symphoniaca
4023 3184 4089 3227 se
4132 3166 4417 3228 habuisse

695 3281 967 3357 putanda
1008 3282 1105 3353 sit,
1151 3281 1319 3358 prius
1349 3278 1835 3340 adsciscebantur
1878 3276 2286 3339 tantummodo
2316 3278 2608 3354 fidicines,
2653 3286 2867 3358 postea
2909 3282 3186 3342 tibicines
3215 3286 3323 3341 aut
3363 3281 3476 3342 soli
3518 3282 3942 3340 succinuernnt
3983 3284 4104 3351 aut,
4152 3280 4214 3338 id
4257 3278 4419 3355 quod

695 3391 1068 3469 probabilius
1112 3397 1234 3465 est,
1290 3393 1465 3451 sicuti
1524 3393 1586 3449 in
1638 3390 1775 3451 aliis
1817 3392 2019 3469 poesis
2062 3391 2312 3452 melicae
2356 3391 2677 3470 generibus
2723 3409 2838 3452 usu
2880 3395 3120 3455 venisse
3166 3398 3422 3465 constat,
3484 3409 3622 3452 cum
3673 3391 3913 3452 citharis
3968 3392 4415 3462 concinnerunt,

698 3520 854 3578 quae
897 3504 1153 3564 societas
1198 3508 1451 3564 vocatur
1494 3521 1533 3563 a
1575 3499 1823 3562 Graecis
1867 3496 2153 3561 συναυλία
2197 3498 2332 3580 (ci'r.
2381 3501 2599 3563 Athen.
2646 3503 2821 3564 XIV.
2868 3522 3007 3583 pag.
3057 3500 3184 3565 618
3228 3499 3355 3581 Α.).

903 3613 1074 3675 Haec
1121 3614 1363 3692 quidem
1404 3615 1468 3674 in
1512 3616 1857 3674 universum
1902 3614 1977 3674 de
2021 3615 2501 3694 hyporchcmatis
2547 3615 2748 3676 indole
2794 3616 3137 3695 disputasse
3181 3614 3464 3676 sufficiat:
3508 3616 3763 3693 singula,
3813 3633 3969 3692 quae
4013 3620 4257 3687 restant,
4306 3614 4416 3672 erit

695 3726 849 3799 nfra,
896 3732 1076 3804 prout
1115 3727 1269 3787 feret
1311 3727 1729 3806 disputationis
1772 3732 2012 3786 nostrae
2056 3729 2227 3800 ratio,
2272 3726 2444 3789 locus
2488 3728 2838 3805 attingendi.
2915 3726 3091 3788 Nunc
3135 3745 3280 3788 vero
3321 3727 3493 3788 lubet
3535 3724 3828 3787 disserere

2482 3912 2653 3995 111.

1619 4044 1739 4127 De
1798 4040 2425 4153 hyporehematis
2486 4044 2784 4156 origine
2844 4051 2924 4130 et
2982 4041 3496 4130 incrementis

906 4215 1083 4277 Unde
1127 4212 1535 4294 hyporchema
1578 4218 1824 4276 traxerit
1866 4219 2155 4294 originem
2200 4235 2353 4295 quae
2385 4226 2623 4279 veteres
2667 4218 3051 4290 tradiderunt,
3114 4235 3189 4277 ea
3231 4220 3294 4278 in
3338 4217 3635 4278 diversam
3680 4218 3997 4278 discedunt
4039 4217 4412 4277 sententiam.

699 4328 927 4399 Evasit,
988 4334 1056 4387 nt
1099 4329 1267 4387 aiunt
1319 4328 1615 4402 nonnulli,
1674 4346 1748 4388 ex
1801 4328 2208 4407 pyrrhicha
2261 4330 2474 4391 aliisve
2518 4328 2889 4408 bellicrepis,
2952 4344 3108 4405 qnae
3161 4331 3532 4390 vividissima
3584 4337 3889 4390 uterentur
3942 4329 4413 4407 gesticulatione,

700 4439 1140 4499 saltationibus:
1194 4439 1306 4498 has
1358 4456 1503 4501 vero
1556 4441 1769 4517 priscis
1824 4437 2071 4501 Graecis
2129 4440 2250 4501 sere
2296 4441 2571 4501 omnibns
2628 4441 2706 4501 ab
2760 4439 3173 4519 antiquissimo
3226 4449 3493 4520 tempore
3539 4442 4028 4502 familiarissimas
4072 4443 4259 4502 ruisse
4302 4442 4418 4499 nisi

699 4550 941 4610 aliunde
986 4553 1254 4626 sciretur,
1300 4552 1581 4630 probaret
1622 4552 1878 4612 formula
1920 4552 2028 4612 illa
2070 4545 2248 4634 ,dvtqo
2289 4547 2635 4631 μέλπεσθαι
2661 4543 2873 4635 Ἀρηῗ,
2915 4570 3032 4613 usu
3075 4559 3234 4614 certe
3272 4551 3727 4614 Antehomerico
3771 4560 3895 4613 tam
3938 4555 4096 4625 trita,
4143 4559 4213 4612 ut
4255 4552 4419 4630 apud

699 4661 1027 4722 Homerum
1054 4663 1253 4740 ipsum
1284 4659 1386 4742 (Π.
1418 4662 1557 4723 VII.
1590 4660 1752 4743 241)
1797 4682 1835 4723 a
1864 4666 2105 4743 proprio
2135 4681 2318 4725 sensu
2349 4664 2582 4725 deflexa
2611 4663 3113 4742 deprehendatur.
3189 4665 3486 4725 Posterior
3516 4667 3756 4750 quidem
3785 4662 4042 4726 Graecia
4072 4664 4418 4725 saltationes

700 4774 994 4833 eiusmodi
1040 4782 1319 4851 armatas,
1369 4792 1553 4852 quum
1596 4776 1747 4836 alias
1792 4778 1921 4836 sive
1966 4776 2407 4838 artificiosiores
2437 4779 2567 4836 sive
2596 4779 2794 4835 minus
2838 4777 3209 4853 periculosas
3253 4780 3599 4852 invenisset,
3644 4778 3916 4837 factitare
3948 4778 4186 4837 omnino
4230 4775 4420 4836 noluit

701 4884 974 4962 adeoque
1003 4888 1230 4946 remisit
1257 4889 1555 4964 gentibus,
1600 4905 1755 4963 quae
1800 4888 1879 4948 ad
1910 4888 2180 4950 altiorem
2224 4889 2422 4950 cultus
2452 4896 2514 4949 et
2556 4888 2941 4949 humanitatis
2983 4891 3237 4967 gradum
3283 4889 3648 4952 adscendere
3676 4883 4186 4967 neglexeruntw),
4231 4887 4421 4947 veluti

908 5051 996 5133 22)
1041 5062 1181 5115 Rem
1235 5064 1316 5118 ita
1367 5078 1427 5118 se
1487 5063 1724 5132 habere,
1795 5073 1858 5120 ut
1911 5065 2066 5134 dixi,
2129 5068 2315 5122 testari
2360 5067 2505 5120 mihi
2558 5066 2820 5121 videntur
2886 5083 3058 5138 quum
3102 5068 3203 5122 alii
3251 5069 3545 5139 scriptores
3591 5075 3706 5123 tum
3750 5068 4026 5138 imprimis
4069 5065 4416 5135 Xenophon:

702 5162 832 5200 nam
873 5147 1213 5216 saltationes,
1262 5164 1401 5219 quas
1444 5149 1499 5204 is
1528 5159 1919 5207 commemorat
1961 5142 2159 5225 (anab.
2192 5152 2288 5205 VI.
2329 5146 2383 5220 1,
2420 5146 2458 5208 5
2481 5145 2662 5226 sqq),
2709 5160 2947 5207 armatae
2993 5169 3029 5206 a
3072 5154 3409 5224 quibusnam
3453 5155 3741 5209 exhibitae
3787 5161 3915 5208 sunt
3957 5154 4070 5207 nisi
4115 5152 4188 5206 ab
4235 5150 4418 5203 homi·-

701 5232 887 5300 nibus,
936 5234 1037 5303 qui
1082 5241 1236 5288 erant
1277 5237 1454 5305 gentis
1499 5238 1728 5308 agrestis
1771 5237 2244 5309 humanitatisque
2288 5239 2575 5310 politioris
2619 5239 2788 5309 plane
2834 5240 3118 5310 expertis?
