5034 6167
2478 297 2556 360 ts

653 506 776 567 fere
819 503 966 566 belli
993 504 1489 583 Peloponnesiaci
1515 503 1967 582 hyporcbemati
2010 506 2169 567 idem
2200 505 2509 581 accidisse,
2559 507 2720 582 quod
2763 510 3082 568 universae
3110 510 3282 586 poesi
3327 508 3570 587 lyricae,
3615 515 3686 569 ut
3712 508 4079 572 Graecorum
4106 515 4374 588 canibus,
4447 509 4462 519 “

655 635 907 694 quorum
952 619 1136 677 animi
1179 616 1313 677 aliis
1357 615 1572 675 studiis
1616 618 1870 694 poeticis
1915 620 2076 695 capti
2121 623 2277 688 sunt,
2322 620 2520 678 minus
2566 636 2745 695 quam
2790 625 2968 680 antea
3010 626 3328 697 acceptam
3367 626 3528 682 esset
3578 626 3760 698 atquc
3802 627 4043 701 parcius
4091 644 4129 684 a
4181 630 4374 704 poetis

654 732 1144 808 frequentaretur.
1235 726 1476 789 Scilicet
1518 725 1735 787 Graeci
1779 746 1851 788 eo
1896 728 2017 788 sato
2058 732 2155 789 usi
2200 734 2368 802 sunt,
2432 734 2503 789 ut
2547 729 2908 806 simulatque
2950 730 3281 791 litterarum
3334 749 3552 808 genere
3596 733 3796 808 aliquo
3849 753 3957 813 pro
4003 736 4229 796 viribus
4271 754 4374 797 ex-

654 842 841 920 polito
880 844 1031 914 satis
1089 840 1192 899 diu
1238 839 1537 910 delectati,
1584 856 1779 917 paene
1825 840 2075 899 dixerim
2120 840 2198 900 ad
2248 842 2518 917 ipsorum
2571 840 2839 901 taedium
2873 841 3186 919 persi-uest
3230 849 3398 916 sunt,
3455 843 3530 904 ab
3578 859 3648 903 eo
3694 846 4151 922 regrederentur
4194 853 4375 923 atque

655 954 817 1014 aliud
844 968 1073 1025 recens,
1122 953 1221 1011 cui
1249 966 1318 1009 se
1346 955 1502 1011 totos
1534 950 1836 1024 dederent,
1884 967 2077 1026 genus
2106 954 2540 1027 conquirerent.
2615 951 2786 1012 Haec
2816 953 2998 1030 plane
3041 959 3134 1012 est
3161 957 3313 1014 ratio
3343 953 3844 1032 hyporchematis.
3923 955 4015 1031 Id,
4062 965 4376 1036 postquam

654 1066 729 1124 ab
772 1064 893 1124 illis
922 1062 1146 1140 lyricae
1174 1065 1378 1140 poesis
1408 1062 1801 1141 principibus,
1850 1080 2103 1138 quorum
2130 1065 2393 1140 ingeniis
2418 1066 2661 1124 nomina
2689 1064 2952 1124 ‚aliorum
2986 1071 3299 1142 poetarum
3325 1069 3391 1125 iu
3421 1067 3631 1126 eodem
3660 1085 3879 1145 genere
3910 1073 4378 1130 concertantium

654 1192 897 1252 prorsus
944 1174 1279 1234 oblitterata
1316 1180 1474 1246 sunt,
1538 1169 1843 1233 elimatum
1889 1180 1949 1234 et
1992 1173 2320 1252 expolitum
2363 1182 2472 1246 est,
2518 1174 2830 1251 paullatim
2873 1176 3012 1235 inde
3059 1193 3405 1238 exarescere
3449 1182 3647 1255 eoepit
3689 1185 3754 1239 et
3793 1180 4058 1240 mirificis
4102 1181 4378 1241 ludorum

653 1290 1023 1348 scenicorum
1076 1288 1459 1346 incrementis
1513 1303 1852 1363 repressum
1911 1292 1972 1345 et
2015 1284 2460 1346 vehementiore
2473 1331 2488 1359 ,
2553 1303 2671 1363 quo
2715 1291 2842 1346 tum
2886 1284 3104 1347 Graeci
3145 1287 3557 1366 dithyrambos
3602 1290 4131 1369 amplectebantur,
4175 1292 4380 1353 studio

654 1404 1021 1476 superatum.
1112 1396 1627 1471 Dithyrambieum
1680 1400 1841 1457 enim
1892 1414 2085 1474 genus
2146 1397 2401 1458 eandem
2441 1398 2566 1458 fere
2610 1415 2754 1475 prae
2800 1414 2866 1459 se
2912 1398 3050 1460 tulit
3089 1406 3363 1471 naturam
3406 1400 3698 1460 fervidam
3731 1408 3793 1461 et
3836 1407 4210 1477 concitatam,
4257 1421 4380 1480 qua

654 1510 897 1586 quidem
938 1512 1288 1586 insignitum
1318 1525 1450 1569 esse
1489 1509 1896 1587 hyporchema
1939 1526 2371 1587 saepenumero
2400 1509 2733 1584 docuimus,
2780 1528 2978 1587 neque
3024 1513 3079 1572 ei
3121 1512 3441 1572 defuerunt
3483 1511 3832 1572 saltationes
3874 1516 4163 1575 mimicae.
4239 1515 4376 1576 Huc

654 1623 832 1692 adde,
859 1621 1018 1697 quod
1040 1620 1510 1697 hyporchemata
1532 1627 1736 1681 carent
1754 1621 1944 1681 forma
1974 1621 2417 1700 antistrophica,
2453 1638 2630 1698 quam
2660 1623 2724 1681 in
2753 1621 3058 1699 plerisque
3087 1625 3407 1700 generibus
3430 1624 3659 1684 melicis
3704 1631 4054 1702 usurpatam
4074 1642 4207 1687 esse
4230 1629 4377 1686 satis

654 1740 914 1804 constan
974 1735 1035 1792 in
1078 1731 1545 1810 hyporchemate
1592 1739 1798 1794 contra
1838 1750 2035 1808 neque
2078 1735 2330 1793 iteratur
2373 1732 2621 1810 stropha
2662 1750 2859 1809 neque
2905 1735 2961 1793 ei
3005 1733 3386 1813 subiungitur
3427 1734 3826 1814 antistropha,
3877 1737 3994 1795 sed
4039 1738 4118 1796 ad
4160 1755 4376 1797 novam

655 1848 853 1908 statim
899 1838 1310 1923 σαωθήτω),
1370 1846 1674 1906 institutae
1718 1852 1861 1906 sunt
1901 1846 2149 1923 periodi,
2198 1860 2451 1921 quarum
2495 1850 2558 1904 et
2599 1849 2951 1921 argumenta
2993 1850 3054 1905 et
3095 1853 3287 1907 metra
3309 1863 3441 1924 .per
3482 1863 3548 1906 se
3596 1847 3876 1920 efficiunt,
3924 1856 3994 1909 ut
4034 1850 4122 1908 ita
4164 1849 4376 1921 dicam,

655 1976 838 2017 unum
882 1956 1184 2034 quoddam
1229 1971 1467 2034 eorpus.
1556 1957 1782 2019 Eadem
1827 1958 1952 2018 fere
1996 1959 2148 2018 ratio
2192 1957 2347 2016 redit
2388 1957 2453 2015 in
2496 1955 2917 2033 dithyrambis3
2962 1957 3212 2018 formam
3258 1958 3768 2038 antistrophicam‚
3815 1960 3895 2020 ad
3941 1951 4142 2035 quam
4163 1965 4380 2038 poetae

657 2068 1076 2154 dithyrambici
1098 2069 1361 2132 earmina
1384 2068 1833 2130 accommodare
1854 2068 2018 2129 soliti
2041 2074 2226 2141 erant,
2250 2070 2478 2146 primus
2501 2067 2721 2130 deiecit
2736 2070 2914 2145 eique
2936 2068 3248 2130 substituit
3266 2069 3707 2148 Melanippides
3731 2072 3922 2131 minor
3944 2064 4380 2149 ἀναβολάς-Ὃς

654 2180 1118 2244 nominabantur
1162 2186 1364 2242 autem
1407 2173 1704 2256 ἀναβολαὶ
1747 2183 2028 2241 carminis
2072 2183 2285 2252 ineisa,
2333 2198 2584 2257 quorum
2625 2197 2774 2240 suus
2815 2198 2886 2240 ac
2915 2183 3192 2259 proprius
3222 2181 3546 2257 unicuique
3577 2189 3706 2241 erat
3731 2199 4015 2243 numerus
4046 2190 4109 2243 et
4135 2198 4379 2252 sensim

655 2293 895 2370 singula
936 2294 1129 2358 incisa
1169 2294 1326 2354 notis
1356 2291 1716 2370 quibusdam
1747 2293 1993 2353 definita
2023 2310 2095 2353 ac
2125 2295 2574 2370 circumscripta
2604 2299 2776 2352 erant
2804 2298 2865 2351 et
2891 2292 3029 2370 plus
3061 2296 3335 2354 minusve
3366 2295 3519 2353 inter
3556 2307 3622 2352 se
3655 2293 4023 2354 differebant.
4083 2292 4380 2368 Quoniam

656 2398 977 2482 ἆναβαλῶν
998 2419 1144 2464 usus
1166 2406 1381 2482 poetis,
1416 2405 1523 2482 qui
1547 2411 1688 2482 post
1707 2404 2177 2483 Melanmipidem
2200 2405 2457 2475 fuerunt,
2492 2404 2960 2480 dithyrambicis,
2992 2412 3062 2466 ut
3081 2412 3251 2467 erant
3281 2398 3561 2479 ,malm
3582 2402 3798 2488 χορῶν
3815 2394 4375 2486 ᾀσματοκάμπταῦ,

654 2517 903 2578 mirifice
947 2517 1143 2580 arrisit
1186 2523 1367 2592 atque
1411 2518 1620 2594 populi
1662 2516 1885 2578 iudicio
1928 2519 2215 2595 probatus
2261 2522 2371 2590 est,
2416 2516 2545 2576 fieri
2586 2533 2709 2575 non
2750 2519 2976 2594 putuit,
3025 2519 3166 2593 quin
3213 2516 3573 2594 dithyramhi
3617 2533 3862 2593 prorsus
3907 2517 4261 2578 accederent
4299 2517 4377 2576 ad
4482 2519 4488 2526 “

656 2627 1191 2707 hyporchematum
1235 2627 1714 2699 similitudinem3
1760 2628 1921 2703 quod
1961 2634 2282 2706 utrumque
2310 2645 2501 2705 genus
2531 2630 2618 2688 ita
2649 2634 3065 2707 comparatum
3095 2636 3241 2702 erat,
3288 2635 3356 2687 ut
3383 2631 3513 2689 sine
3541 2627 3682 2687 ullis
3711 2628 4093 2706 stropharum
4122 2628 4376 2687 vinculis

657 2739 1051 2818 procederent
1088 2745 1268 2811 atque
1311 2742 1374 2799 in
1419 2743 1701 2814 numeris,
1748 2757 1945 2818 paene
1991 2739 2243 2799 dixerim
2286 2738 2424 2817 lege
2454 2740 2672 2801 solutis
2702 2740 3091 2801 manent.
3180 2741 3552 2816 Argumenta
3579 2756 3777 2817 porro,
3826 2753 3981 2817 qnae
4017 2739 4377 2799 carudnibus

656 2852 1107 2926 subiicerentur,
1154 2854 1493 2929 promiscue
1536 2851 1762 2912 hauriri
1805 2851 2080 2912 solebant
2125 2868 2199 2911 ex
2242 2850 2492 2912 historia
2536 2853 2800 2912 omnium
2847 2853 3096 2913 deorum
3148 2852 3470 2912 heroumve
3525 2850 3783 2911 fabulari
3838 2867 4038 2927 neque
4090 2851 4188 2910 lex
4234 2856 4373 2923 erat,

654 2970 722 3023 ut
763 2967 824 3026 in
868 2965 1048 3026 unius
1091 2967 1352 3024 numinis
1397 2964 1613 3025 finssms
1659 2964 1925 3024 delectus
1981 2980 2049 3024 se
2103 2965 2448 3040 conflueret.
2538 2962 2751 3038 Itaque
2794 2980 2916 3022 non
2958 2966 3194 3036 minim,
3253 2963 3413 3039 quod
3431 3011 3444 3020 .
3471 2964 3532 3021 in
3589 2962 4060 3040 hyporehemate
4104 2962 4377 3022 Praunas

654 3079 928 3138 invectus
984 3082 1078 3135 est
1120 3072 1182 3136 in
1227 3092 1351 3148 eos,
1402 3077 1507 3151 qui
1548 3077 1731 3138 nimio
1775 3078 1919 3139 artis
1964 3078 2229 3137 musicae
2283 3076 2483 3138 studio
2537 3076 2770 3140 seducti
2823 3077 2885 3134 in
2938 3078 3115 3153 peius
3170 3082 3472 3136 verterent
3527 3074 3993 3152 dithyrambum3
4047 3076 4110 3133 in
4159 3073 4377 3151 hypor-

658 3187 932 3248 chemate
989 3184 1221 3266 (Frgm.
1271 3182 1386 3265 92)
1429 3186 1725 3249 Pindarus
1784 3189 2051 3248 narravit
2095 3186 2539 3262 dithyrambum
2594 3188 2906 3248 inventum
2956 3203 3089 3248 esse
3141 3205 3181 3247 a
3230 3185 3460 3246 Naxiis.
3564 3184 3742 3246 Certa
3795 3186 3972 3263 igitur
4026 3185 4374 3262 cognatione

656 3302 975 3362 coniuncta
1022 3305 1190 3360 erant
1234 3297 1355 3358 duo
1394 3298 1503 3359 illa
1542 3314 1767 3376 genera
1808 3316 2007 3375 neque
2050 3299 2374 3360 admodum
2424 3301 2584 3360 inter
2636 3315 2704 3359 se
2757 3299 3161 3372 dissidebant,
3217 3300 3545 3358 novissima
3597 3298 3911 3359 dumtaxat
3968 3302 4184 3359 aetate.
4276 3294 4378 3357 Sic

653 3411 877 3472 factum
924 3417 1037 3483 est,
1080 3416 1148 3470 ut
1189 3409 1593 3489 hyporchema
1633 3412 2009 3490 dithyrambo
2051 3404 2586 3489 absorberetur85).

862 3523 987 3585 Sed
1029 3522 1183 3586 haee
1224 3522 1541 3586 haetenus:
1582 3523 1817 3602 reliqua
1857 3529 2099 3604 postero
2141 3529 2408 3603 tempore
2453 3525 2770 3584 occasione
2811 3521 2960 3583 mihi
3004 3522 3206 3584 oblata
3247 3538 3593 3600 persequar.

872 3707 961 3791 33)
1005 3718 1089 3772 De
1133 3719 1243 3773 hac
1284 3719 1520 3787 ratione,
1567 3733 1736 3790 quam
1778 3719 1847 3772 Η.
1895 3718 2151 3773 Schmidt
2190 3718 2230 3771 1.
2280 3732 2328 3772 c.
2376 3733 2436 3789 p.
2470 3708 2596 3774 356
2642 3717 2855 3790 primus
2909 3718 2967 3771 in
3011 3717 3194 3776 lucem
3238 3716 3492 3788 protulit,
3552 3714 3819 3769 disserere
3870 3712 4039 3768 huius
4093 3711 4212 3767 loci
4266 3726 4376 3768 non

662 3810 770 3874 est;
817 3804 965 3858 infra
1007 3804 1068 3859 in
1110 3803 1209 3860 lv.
1244 3807 1427 3876 capite
1472 3805 1820 3860 commodius
1867 3804 1937 3859 de
1983 3819 2049 3859 ea
2093 3803 2371 3876 disputari
2416 3803 2754 3859 existimavi.
3449 3813 3455 3817 ·

870 3879 959 3962 ³⁴)
1004 3891 1235 3946 Aristot.
1282 3892 1424 3947 rhet.
1468 3889 1566 3946 ΠΙ.
1615 3884 1675 3959 9,
1725 3884 1783 3946 6.

869 3965 959 4050 ³⁵)
1002 3977 1435 4048 Dithyrambum
1476 3978 1706 4034 miretur
1748 3977 2031 4048 quispiam
2076 3975 2261 4031 solum
2304 3976 2552 4045 viguisse
2597 3981 2652 4030 et
2694 3989 2909 4030 summo
2955 3973 3289 4029 eximiorum
3343 3981 3637 4044 poetarum
3681 3970 3868 4028 studio
3916 3985 3984 4025 ao
4027 3969 4380 4025 contentione

663 4063 976 4132 excultum,
1034 4070 1241 4120 ceteras
1285 4071 1468 4121 autem
1511 4063 1729 4134 species
1778 4063 2007 4118 melicas
2062 4062 2136 4117 ob
2191 4062 2558 4120 laetissimum
2609 4062 2868 4118 scenicae
2910 4060 3099 4132 poesis
3142 4061 3326 4114 nisum
3370 4059 3646 4130 neglectas
3690 4056 3930 4114 iacuisse
3990 4063 4042 4110 et
4087 4055 4380 4128 paullatim

662 4151 1050 4204 intermortuae
1095 4164 1229 4204 esse.
1319 4151 1397 4205 At
1437 4150 1700 4204 remansit
1742 4148 2129 4218 dithyrambus
2176 4154 2230 4202 et
2273 4147 2526 4218 aequalis
2572 4147 2680 4201 fuit
2723 4147 2975 4200 scenicae
3019 4146 3178 4216 poesi
3222 4152 3547 4216 propterea,
3593 4143 3744 4215 quod
3792 4142 3945 4214 apud
3992 4141 4380 4206 Athenienses,

662 4249 835 4306 penes
880 4250 1024 4306 quos
1069 4236 1413 4307 singularum
1457 4237 1705 4307 gentium
1748 4235 1974 4305 ingenio
2018 4248 2197 4305 paene
2242 4234 2403 4288 effeto
2447 4248 2720 4287 summum
2764 4239 2878 4287 erat
2921 4245 3102 4285 rerum
3133 4232 3481 4301 poeticarum
3511 4229 3819 4296 arbitrium,
3866 4230 3913 4282 si
3962 4243 4072 4282 non
4104 4228 4381 4291 inventus,

666 4330 852 4376 tamen
895 4323 1264 4377 maturitatem
1312 4323 1547 4394 adeptus
1593 4329 1647 4377 et
1688 4322 1751 4376 in
1795 4333 2067 4376 summum
2108 4319 2466 4392 perfectionis
2498 4319 2779 4389 fastigium
2812 4324 3036 4372 evectus
3079 4325 3192 4386 est3
3246 4323 3470 4371 auctore
3513 4315 3789 4386 imprimis
3819 4314 3963 4369 Laso
3995 4313 4382 4368 Hermionensi

665 4401 797 4482 (cfr.
828 4408 1239 4476 Schneidewin,
1286 4409 1405 4464 ind.
1451 4409 1628 4464 schol.
1662 4408 1907 4479 Gotting.
1954 4407 2077 4462 hib.
2131 4399 2296 4463 1842
2326 4421 2454 4478 pag.
2505 4400 2544 4462 9
2576 4413 2632 4460 et
2666 4396 2777 4478 12)
2822 4404 2896 4460 ad
2927 4404 3145 4458 Atticos
3189 4404 3444 4458 homines
3474 4402 3768 4460 translatus
3812 4407 3867 4455 et
3911 4402 3993 4456 ita
4018 4403 4381 4472 pertractatus

667 4502 766 4562 est,
816 4501 876 4549 ut
919 4496 977 4548 in
1009 4495 1198 4552 Attico
1244 4495 1367 4549 solo
1412 4502 1573 4550 natus
1619 4497 1676 4549 ct
1721 4494 2056 4548 domesticus
2103 4507 2220 4547 esse
2251 4492 2536 4546 videretur
2566 4498 2620 4545 et
2663 4506 2788 4545 eum
2831 4490 3028 4562 patriis
3074 4490 3246 4543 sacris
3292 4489 3596 4543 arctissime
3640 4492 4075 4555 connecteretur3
4122 4484 4383 4540 inductus

669 4588 751 4634 est
807 4578 865 4633 in
912 4581 1212 4635 certamina
1256 4587 1311 4636 et
1369 4581 1629 4636 addictus
1675 4579 2071 4635 anniversariis
2117 4579 2462 4649 temporibus
2508 4576 2688 4646 festis,
2750 4591 2820 4631 ex
2866 4591 2977 4646 quo
3023 4576 3150 4630 loco
3196 4574 3532 4630 dramaticae
3577 4573 3765 4645 poesis
3808 4572 4160 4627 incrementis
4206 4569 4382 4625 deiici

666 4667 939 4734 nequiret,
988 4668 1175 4739 iisque
1221 4667 1455 4738 publice
1500 4667 1801 4737 apparatis.
1876 4666 1943 4720 Id
1973 4665 2207 4735 contigit
2249 4664 2396 4718 nulli
2440 4679 2510 4718 ex
2557 4663 2689 4717 aliis
2734 4662 3030 4733 generibus
3072 4661 3311 4727 melicis,
3360 4673 3502 4731 quae
3531 4660 3752 4729 privato
3797 4658 4151 4728 potissimum
4195 4657 4382 4709 studio

668 4752 1010 4821 amplificata
1053 4763 1111 4808 et
1150 4754 1427 4810 interdum
1475 4754 1549 4810 ab
1592 4753 1773 4824 poetis
1818 4753 2097 4810 illustrata
2141 4757 2285 4819 sunt,
2332 4751 2433 4819 qui
2478 4749 2552 4804 ad
2596 4749 2719 4804 auri
2765 4749 2985 4819 accepti
3028 4761 3338 4803 mensuram
3383 4747 3562 4816 lyram
3609 4744 3902 4800 variarent.
