5034 6167
2425 307 2463 368 6

585 516 852 593 sequitur
896 515 1061 593 apud
1104 514 1419 577 Cretenses
1463 516 1811 578 saltatorem
1841 521 1903 576 et
1929 522 2234 578 cantorem
2276 534 2463 578 unum
2506 516 2885 595 eundemque
2913 518 3130 578 fuisse:
3175 519 3271 578 sin
3300 516 3685 579 Aristarchea
3714 522 3885 580 crisis
3914 523 4311 600 improbanda

586 633 696 703 est,
756 627 908 689 lllud
952 635 1154 689 tamen
1206 628 1474 691 manebit
1519 628 1929 690 Aristarchum
1984 634 2145 690 certe
2189 628 2267 690 de
2324 628 2441 690 hoc
2494 632 2861 691 Cretensium
2904 647 3068 690 more
3122 627 3270 689 nihil
3315 630 3666 691 dubitasse?
3752 632 3833 692 At
3877 650 4020 693 vero
4077 652 4307 698 errasse

584 740 887 801 hominem
937 740 1107 802 illum
1160 743 1342 802 totius
1394 743 1767 818 antiquitatis
1820 741 1997 803 facile
2049 742 2462 803 doctissimum
2513 741 2633 803 hac
2690 743 2752 801 in
2806 761 2869 802 re
2924 741 3072 802 mihi
3125 757 3478 821 persuasum
3535 749 3643 802 est.
3734 741 4091 822 Ubicunque
4148 750 4310 826 apud

586 850 801 913 heroas
843 851 1098 912 saltatur
1114 899 1128 926 ,
1175 853 1260 913 ibi
1305 855 1483 913 etiam
1528 856 1820 915 accinitur
1863 861 2046 932 atque
2091 861 2273 915 cantu
2315 856 2511 932 praeit
2550 854 2906 931 plerumque
2934 848 3431 933 citharoedus¹⁰):
3478 855 3693 930 quodsi
3724 845 3878 913 δοιώ
3909 850 4313 942 κυβιστητῆρε

584 972 652 1024 111
676 959 920 1045 μολπῆς·
943 958 1325 1048 ἐξάρχοντας
1364 967 1652 1027 cecinisse
1693 966 1930 1041 dixeris,
1979 984 2241 1044 quonam
2273 983 2501 1042 quaeso
2531 965 2708 1026 modo
2738 965 2868 1026 fieri
2897 972 3115 1044 potest,
3160 971 3231 1025 111
3256 965 3458 1039 11116111,
3506 967 3609 1044 qui
3638 972 3764 1026 tam
3792 967 4020 1047 dispari
4047 973 4312 1052 corporis

587 1078 909 1154 agitatione
952 1082 1237 1154 motuque
1283 1078 1746 1153 excandescunt,
1794 1082 1896 1155 qui
1939 1096 2100 1139 nunc
2144 1081 2349 1158 capita
2390 1084 2592 1138 rotant
2631 1079 2976 1155 iactentque
3021 1078 3227 1157 pedes,
3272 1096 3433 1139 nunc
3480 1078 3762 1140 exsiliunt
3805 1086 4143 1159 terramque
4174 1100 4310 1162 per-

586 1189 835 1261 cutiunt,
881 1206 1045 1249 nunc
1089 1206 1290 1267 genua
1332 1188 1582 1251 flectunt
1624 1207 1697 1251 ac
1741 1190 2012 1252 residunt
2060 1223 2133 1235 —
2183 1197 2252 1250 ut
2294 1192 2666 1270 petauristas
2720 1192 2904 1268 igitur
2959 1190 3139 1250 edant
3191 1190 3293 1251 vel
3342 1196 3555 1267 regant
3606 1198 3878 1262 cantum,
3939 1210 4117 1269 quem
4135 1239 4150 1268 ,
4207 1197 4309 1272 qui

585 1299 841 1373 adstent,
886 1300 1062 1361 facile
1113 1302 1488 1380 percipiant?
1574 1301 1729 1362 Nam
1772 1302 2078 1364 Lucianus
2125 1303 2284 1380 quod
2330 1304 2575 1381 scripsit
2618 1297 2800 1361 πάλαι
2838 1296 2957 1381 μὲν
3003 1296 3126 1382 γὰρ
3171 1293 3342 1359 αὐτοὶ
3383 1296 3502 1360 κτλ.
3562 1297 3669 1381 (116
3714 1303 3914 1364 saltat.
3964 1301 4005 1383 S
4050 1302 4154 1379 30,
4202 1307 4307 1368 cfr.

584 1430 769 1491 supra
811 1430 951 1491 pag.
999 1410 1093 1491 4),
1141 1413 1203 1474 111
1247 1430 1472 1491 susque
1518 1413 1713 1491 deque
1757 1413 2102 1476 habendum
2146 1422 2269 1475 est:
2314 1416 2580 1494 pensites
2609 1416 2791 1504 velim
2820 1417 3001 1476 totius
3032 1414 3150 1476 loci
3180 1420 3549 1486 contextum3
3593 1421 3905 1493 praeterea
3938 1434 4143 1490 causa,
4190 1399 4336 1495 qua*

585 1525 808 1587 factum
853 1541 988 1586 esse
1034 1525 1197 1599 dicit,
1243 1531 1314 1585 ut
1355 1533 1626 1586 veterum
1670 1545 1800 1587 mos
1846 1534 2195 1600 mutaretur,
2243 1545 2429 1604 quum
2481 1529 2735 1588 facetius
2783 1529 3123 1605 excogitata
3167 1543 3349 1602 quam
3394 1529 3590 1587 verior
3631 1530 3729 1601 sit,
3775 1530 3866 1587 rei
3906 1527 4084 1590 fidem
4129 1531 4308 1608 plane
4435 1519 4443 1526 ⁴

587 1637 877 1697 debilitat.
966 1634 1141 1697 Adde
1188 1637 1348 1714 quod
1394 1640 1595 1698 cantui
1625 1639 1743 1714 vel,
1792 1641 1844 1699 si
1873 1639 2137 1699 nondum
2170 1642 2368 1718 opinio
2398 1657 2536 1700 mea
2563 1640 2671 1701 tibi
2700 1641 2846 1699 satis
2875 1638 3130 1718 probata
3160 1645 3270 1710 est,
3317 1638 3616 1699 saltationi
3648 1643 4032 1718 attemperari
4062 1657 4308 1702 necesse

587 1755 715 1809 erat
759 1748 1043 1809 citharam
1088 1755 1193 1831 aut
1237 1748 1402 1810 aliud
1457 1752 1749 1812 musicum
1794 1743 2111 1828 'quodlibet
2154 1769 2469 1830 organum:
2526 1751 2669 1828 quid
2723 1753 2881 1811 enim
2940 1757 3033 1811 est
3088 1750 3327 1811 saltatio
3373 1753 3501 1812 sine
3545 1752 3739 1811 modis
3781 1750 4071 1812 musicis?
4132 1770 4307 1829 quam

583 1863 899 1938 ingratum,
948 1879 1130 1936 quam
1167 1863 1431 1924 ieiunum
1461 1880 1760 1940 quamque
1804 1863 2000 1924 futile!
2064 1862 2361 1924 Musicam
2406 1869 2611 1924 autem
2655 1882 2729 1923 ex
2759 1863 2865 1924 illa
2908 1863 3227 1925 saltatione
3270 1863 3451 1942 plane
3479 1864 3740 1937 tolleres,
3786 1866 3839 1922 si
3883 1871 4076 1924 stares
4108 1881 4146 1922 a
4172 1882 4311 1943 par-

587 1974 747 2032 tibus
790 1972 1141 2035 Aristarchi.
1228 1966 1565 2035 Monodiae‘
1592 1993 1770 2052 porro
1815 1975 2175 2054 Euripideae
2219 1993 2337 2036 non
2383 1982 2553 2036 erant
2594 1975 2905 2036 vocandae
2950 1994 2988 2034 a
3031 1974 3361 2035 Fritzschio
3405 1976 3467 2034 in
3510 1981 3739 2054 partes:
3783 1992 3862 2036 ne
3905 1977 4037 2054 ipse
4069 1975 4311 2051 quidem

586 2085 783 2147 facere
826 2103 947 2146 non
989 2091 1207 2164 potest,
1256 2088 1399 2164 quin
1433 2087 1782 2166 profiteatur
1824 2088 1941 2147 sibi
1986 2105 2222 2165 quoque
2265 2088 2443 2166 longe
2488 2088 2670 2147 aliam
2717 2105 2922 2147 earum
2966 2089 3259 2147 rationem
3302 2089 3500 2147 visam
3546 2103 3699 2148 esse.
3777 2086 4030 2165 Nempe,
4077 2088 4309 2147 etiamsi

585 2213 794 2257 verum
840 2203 932 2257 est
973 2198 1295 2275 plerasque
1341 2197 1651 2259 monodias
1695 2198 1982 2260 habuisse
2027 2199 2406 2260 saltationem
2455 2231 2532 2243 —
2583 2215 2717 2261 esse
2763 2205 2966 2259 autem
3021 2200 3108 2258 ita
3161 2200 3307 2258 satis
3353 2199 3698 2259 manifestat
3740 2199 4116 2259 Platonicum
4161 2198 4307 2258 illud

587 2305 696 2387 (de
739 2307 854 2386 leg.
902 2308 1025 2369 VII
1066 2329 1128 2388 p.
1176 2306 1302 2369 816
1318 2304 1407 2390 A)
1457 2343 1533 2353 —
1580 2316 1782 2371 tamen
1834 2311 1900 2371 id
1952 2311 2091 2372 luce
2144 2311 2363 2372 clarius
2416 2317 2510 2370 est
2554 2313 2615 2371 in
2659 2312 2951 2372 monodiis
3008 2310 3388 2371 saltationem
3430 2310 3510 2370 ad
3552 2310 3794 2370 vividae
3837 2310 4310 2387 gesticulationis

589 2420 833 2479 modum
878 2427 1221 2483 revocatam
1264 2422 1565 2484 secundas
1607 2429 1843 2484 tantum
1885 2430 2090 2503 partes
2134 2425 2350 2501 egisse,
2396 2426 2456 2485 in
2503 2404 2989 2502 hyporchematis
3036 2429 3241 2483 autem
3283 2439 3480 2501 paene
3521 2423 3749 2501 primas
3785 2424 4081 2484 tenuisse:
4128 2441 4313 2499 quare

589 2535 903 2607 quominus
962 2533 1272 2593 monodias
1291 2578 1306 2605 ,
1360 2540 1430 2594 ut
1482 2551 1628 2594 sane
1681 2553 1779 2596 res
1822 2554 1933 2615 per
1975 2552 2042 2596 se
2086 2537 2448 2614 postulabat,
2505 2553 2663 2595 unus
2715 2536 2999 2612 idemque
3043 2541 3106 2595 et
3147 2534 3397 2594 saltaret
3440 2540 3500 2594 et
3545 2541 3805 2609 caneret,
3866 2535 4017 2594 nihil
4073 2534 4312 2595 officere

588 2642 810 2703 debuit.
899 2642 971 2703 In
1013 2642 1497 2723 hyporchematis
1528 2646 1802 2725 denique,
1851 2648 1929 2709 ad
1958 2666 2134 2726 quae,
2184 2666 2370 2726 quum
2399 2664 2831 2726 saepenumero
2860 2652 3282 2724 nuncupentur
3311 2645 3563 2720 Cretica,
3613 2645 3949 2706 causidicus
3979 2645 4315 2707 Aristarchi

587 2754 689 2814 ille
734 2755 1016 2834 confugit,
1062 2756 1291 2818 nullam
1337 2774 1584 2819 causam
1629 2760 1823 2833 video,
1871 2777 1991 2838 qua
2033 2759 2157 2834 fiat,
2203 2766 2273 2820 ut
2313 2760 2417 2821 1116
2460 2760 2799 2820 versiculus
2846 2758 3097 2819 exsulet.
3174 2757 3408 2819 Caveas
3452 2758 3633 2835 igitur
3664 2775 3741 2818 116
3770 2764 3995 2820 temere
4026 2757 4311 2818 sollicites

597 2866 796 2927 locum
841 2866 1228 2930 Homericum
1270 2867 1343 2929 Π.
1390 2868 1623 2931 XVIII.
1673 2868 1798 2932 604
1820 2867 1922 2954 11).
2440 2935 2449 2946 ,

795 2978 965 3055 Quae
1009 2981 1062 3040 si
1105 2999 1249 3041 vera
1293 2980 1600 3060 disputata
1642 2989 1809 3058 sunt,
1865 2991 1987 3044 tres
2035 2985 2276 3044 omnino
2320 2986 2383 3042 in
2426 2982 2969 3061 hyporchemafico,
3019 2982 3179 3058 quod
3220 2982 3386 3042 haud
3432 2982 3612 3042 dubie
3655 2983 3719 3040 111
3762 2981 3930 3043 111666
3975 2980 4312 3042 Homericis

587 3090 754 3163 latet,
800 3109 1018 3170 genere
1053 3093 1326 3154 videntur
1371 3094 1803 3157 discernendae
1850 3112 1984 3159 esse
2028 3102 2228 3175 partes
2277 3099 2611 3176 agentium:
2660 3101 2722 3156 et
2755 3089 2961 3177 χορὸς·
3000 3087 3230 3177 ἠϊθέων
3273 3090 3370 3152 καὶ
3415 3087 3744 3175 παρθένων
3789 3099 3849 3155 61
3891 3089 4066 3158 θεῖος
4105 3088 4317 3158 ἀοιδὸς

589 3197 910 3285 φορμίζων
962 3210 1022 3265 et
1077 3199 1227 3263 δοιὼ
1270 3198 1692 3289 κυβιστητῆρε.
1795 3207 1964 3269 Idem
2025 3225 2309 3269 numerus
2365 3209 2520 3271 redit
2571 3211 2634 3267 in
2678 3206 2980 3266 simillimo
3041 3206 3176 3267 loco
3190 3253 3204 3281 ,
3260 3208 3322 3265 in
3368 3205 3612 3266 exordio
3656 3205 3861 3283 hymni
3905 3203 4208 3264 Homerici
4252 3204 4312 3261 in

590 3315 930 3394 Apollinem
984 3316 1265 3394 Pythium
1318 3337 1378 3379 v.
1431 3315 1600 3380 10-
1616 3314 1728 3407 25;
1784 3326 2006 3382 canunt
2063 3319 2300 3393 Musae;
2365 3338 2570 3381 earum
2626 3319 2962 3380 cantilenae
3006 3317 3412 3378 subsaltantes
3457 3314 3721 3389 Gratiae,
3774 3316 3975 3376 Horae
4033 3314 4308 3391 aliaeque

594 3426 744 3487 deae
790 3427 1054 3501 chorum,
1105 3446 1284 3507 quem
1327 3447 1513 3510 supra
1556 3433 1815 3510 primum
1858 3432 2053 3511 posui,
2100 3432 2456 3502 efficientem

1616 3537 1682 3602 ἐν
1726 3536 1779 3602 δ’
1828 3537 1907 3603 αὖ
1952 3538 2123 3625 τῇσιν
2153 3534 2337 3626 ’Ἀρηι-
2376 3538 2474 3602 xa}
2517 3534 2818 3608 ἐΰσκοπος
2848 3534 3269 3623 Ἀργεὶφόντης

1622 3648 1930 3725 παίζουσιν
1946 3698 1963 3731 ,
2008 3658 2189 3734 igitur
2232 3649 2692 3739 κυβιστητήρων

592 3763 828 3824 illorum
872 3766 1005 3823 vice
1048 3766 1395 3843 fungentes3
1442 3769 1653 3830 musici
1697 3768 1955 3846 denique
1997 3769 2370 3847 provinciam
2401 3768 2775 3829 administrat
2815 3765 3094 3827 Phoebus
3138 3765 3356 3844 Apollo
3388 3758 3809 3845 ἐγκιθαρὶζων.
3883 3761 4148 3822 Eaedem
4193 3766 4315 3822 tres

592 3881 798 3953 partes
841 3877 1222 3955 postmodum
1264 3881 1623 3940 retinentur:
1668 3880 2072 3960 hyporchema
2116 3880 2420 3941 factitatur
2454 3898 2491 3939 a
2523 3880 2889 3951 cantoribus,
2933 3877 3337 3949 saltatoribus,
3368 3878 3631 3937 musicis.
3675 3875 3905 3937 Chorus
3935 3875 4040 3936 1116
4068 3876 4315 3953 primus,

593 3988 722 4049 sive
745 4005 779 4047 6
801 3989 1118 4050 iuvenibus
1149 3993 1279 4050 sive
1310 4008 1385 4051 ex
1406 3991 1623 4071 puellis
1653 3998 1886 4053 constat
1905 3996 2037 4055 sive
2061 4011 2135 4054 ex
2158 3995 2425 4069 utrisque
2450 3993 2730 4053 miscetur
2747 3984 2849 4069 ¹²),
2884 3995 3192 4051 cantorum
3213 3996 3414 4069 partes
3438 3988 3706 4066 suscipit,
3743 4005 3862 4065 quo
3884 4004 4128 4047 munere
4152 3985 4318 4064 apud

593 4099 923 4168 Homerum
950 4103 1150 4181 ipsum
1176 4110 1382 4163 vacat:
1429 4105 1505 4165 de
1537 4105 1826 4166 industria
1871 4106 2120 4166 fortasse
2150 4110 2333 4184 poeta
2361 4103 2623 4164 officium
2665 4102 2815 4163 illud
2862 4102 3042 4162 choro
3086 4102 3396 4178 Iniungere
3440 4092 3730 4180 noluit13)
3773 4106 4109 4178 propterea,
4158 4098 4314 4175 quod

808 4333 890 4412 ¹⁰)
935 4340 1090 4394 Idem
1134 4342 1350 4395 firmant
1390 4340 1457 4396 11.
1504 4341 1712 4397 XVIII.
1762 4334 1919 4413 5703
1986 4342 2218 4398 Hesiod.
2265 4346 2404 4396 scut.
2453 4330 2611 4409 2813
2667 4340 2772 4395 od.
2821 4338 2976 4394 VIII.
3026 4329 3174 4406 262,
3236 4337 3453 4392 etiamsi
3513 4334 3792 4392 cauticum
3851 4337 3961 4392 hoc
4006 4337 4077 4391 de
4123 4335 4314 4390 Martis

594 4427 945 4497 Venerisque
989 4441 1174 4481 amore
1219 4426 1471 4496 spurium
1515 4427 1795 4482 extrudas.
1870 4427 2000 4484 Una
2037 4428 2319 4497 excipitur
2363 4426 2588 4481 saltatio
2620 4413 3002 4501 σφαιριστικὴ
3047 4415 3187 4499 (011.
3220 4422 3370 4478 vm.
3406 4413 3593 4495 372):
3638 4430 3695 4478 at
3737 4438 3805 4479 ea
3847 4428 4039 4492 utpote
4079 4408 4321 4495 μουνὰξ

601 4512 803 4567 6611616
830 4527 941 4567 11611
973 4526 1040 4567 66
1086 4507 1327 4568 consilio
1370 4511 1670 4582 factitatur,
1717 4519 1780 4567 ut
1822 4513 2086 4568 saltantes
2118 4513 2232 4584 ipsi
2264 4512 2628 4580 delectentur,
2676 4510 2776 4567 sed
2820 4517 2882 4565 ut
2912 4515 3200 4578 ostentent,
3249 4525 3413 4580 quam
3445 4509 3714 4579 singulari
3746 4507 3970 4562 valeant
4013 4514 4152 4575 arte;
4199 4513 4319 4560 erat

596 4598 769 4668 igitur
812 4597 892 4653 rei
924 4601 1109 4668 'eaput
1150 4599 1394 4668 saltatio,
1444 4615 1555 4654 non
1600 4607 1824 4668 cantus3
1870 4600 2013 4654 alias
2057 4605 2173 4654 tum
2216 4598 2486 4669 temporis
2530 4598 2718 4653 cantui
2761 4597 2986 4652 saltatio
3023 4595 3188 4667 quasi
3225 4592 3517 4649 subsecive
3558 4594 3696 4650 addi
3725 4592 3962 4648 solebat.

718 4673 727 4682 ⁶
808 4675 889 4802 :p
934 4684 1098 4740 Unde
1142 4685 1346 4741 sactum
1391 4699 1509 4740 esse
1552 4685 1696 4739 mihi
1739 4685 2015 4751 videatur,
2064 4686 2129 4740 ut
2170 4685 2527 4739 Aristarchus
2573 4682 2998 4823 {exumoeitllum
3043 4681 3274 4749 deleret,
3289 4680 3467 4776 ‚infra
3509 4671 3725 4816 paz?
3756 4678 4042 4776 foderas.
4231 4757 4265 4772 υ

980 4772 999 4785 “
4217 4775 4319 4815 ων.

809 4762 894 4927 ¹³3
937 4770 1469 4912 atkfigossrsslinilg
1503 4770 1956 4927 ngttildetapiffll
1958 4761 2570 4912 goggffumssggv3ini
2578 4781 2754 4910 6616ιὲ
2783 4756 3244 4910 ωείρῶἲὲλτῖἶὴ
3221 4778 3559 4907 11121ξέἔὲἑὲ
3589 4776 4321 4938 τὶιῗιυζωῖιῖωῖυνέἱιῖωέ

598 4956 745 5008 611111,
791 4941 891 5012 qui
937 4942 1092 4996 solus
1136 4943 1307 5012 canit,
1368 4942 1431 4997 id
1488 4942 1645 5014 quod
1686 4942 1946 4997 videmus
1999 4955 2074 4996 ex
2114 4939 2279 4997 Hom.
2326 4939 2391 4996 n.
2440 4939 2651 4996 XVIII.
2701 4934 2846 5006 572,
2907 4955 3020 4994 non
3076 4940 3189 4993 nisi
3246 4937 3652 4994 conclamando
3697 4943 3753 4991 et
3794 4935 4052 4992 saltando
4099 4924 4319 5008 6μολπῇ

598 5016 855 5102 θῖυγμῷ
903 5015 977 5081 τέ
1030 5029 1292 5099 excipere
1336 5028 1497 5083 solet.
1578 5029 1734 5083 idem
1777 5028 1932 5084 eadit
1974 5030 2037 5082 in
2081 5028 2330 5097 naenias,
2377 5042 2614 5098 quarum
2657 5025 2893 5097 vestigia
2918 5027 2982 5079 in
3011 5026 3160 5080 166611
3191 5025 3413 5081 Hectori
3441 5022 3639 5078 habito
3673 5013 3773 5095 (n.
3799 5021 4011 5077 XXIV.
4049 5012 4172 5074 745
4202 5011 4322 5088 sq.)

598 5114 763 5168 multi
816 5113 927 5168 sibi
986 5114 1250 5169 videntur
1299 5115 1600 5169 invenisse.
1689 5114 1885 5185 Neque
1939 5113 2191 5169 Achillis
2243 5102 2463 5190 θρῆνοι
2506 5127 2543 5167 6
2588 5125 2786 5167 novem
2828 5111 3006 5166 Musis
3053 5112 3329 5167 decantati
3376 5102 3515 5183 (od.
3562 5108 3776 5165 xxw.
3825 5099 3972 5180 60),
4054 5103 4319 5175 quoniam

602 5199 831 5255 ultimus
875 5199 1161 5269 Odysseae
1203 5200 1351 5255 liber
1391 5200 1545 5255 haud
1593 5199 1767 5254 dubie
1811 5200 2008 5255 ceteris
2052 5200 2228 5254 multo
2271 5199 2504 5253 minoris
2550 5204 2633 5254 est
2673 5198 2896 5261 aetatis,
2944 5197 3057 5251 huc
3100 5196 3404 5252 revocandi
3449 5202 3594 5250 sunt.
3681 5195 3927 5249 Paeanes
3971 5190 4214 5258 deniqne
4259 5193 4322 5240 ut

599 5285 668 5339 11.
707 5286 750 5339 1.
799 5277 926 5341 472
958 5292 1013 5340 et
1040 5285 1223 5342 XXII.
1260 5278 1381 5342 391
1433 5293 1946 5353 commemorentur,
1991 5286 2157 5355 parvi
2200 5300 2325 5339 mea
2366 5284 2610 5352 interest,
2658 5299 2832 5353 quum
2876 5284 2938 5337 hi
2982 5283 3098 5339 loci
3143 5284 3256 5338 sint
3299 5282 3407 5336 fide
3437 5281 3700 5353 ambigua
3743 5273 3873 5354 (cfr.
3906 5277 3974 5333 G.
4013 5273 4315 5329 Bernhard.
